Timestamp,Bid,Ask
2025-04-17 09:47:37,116.8,116.87
2025-04-17 09:47:38,116.78,116.85
2025-04-17 09:47:40,116.78,116.86
2025-04-17 09:47:42,116.76,116.86
2025-04-17 09:47:42,116.79,116.86
2025-04-17 09:47:44,116.79,116.89
2025-04-17 09:47:45,116.79,116.86
2025-04-17 09:47:47,116.79,116.89
2025-04-17 09:47:51,116.82,116.89
2025-04-17 09:47:52,116.79,116.89
2025-04-17 09:47:58,116.82,116.89
2025-04-17 09:47:59,116.79,116.89
2025-04-17 09:47:59,116.79,116.86
2025-04-17 09:48:01,116.79,116.89
2025-04-17 09:48:02,116.79,116.86
2025-04-17 09:48:03,116.79,116.89
2025-04-17 09:48:04,116.79,116.86
2025-04-17 09:48:05,116.79,116.89
2025-04-17 09:48:07,116.82,116.89
2025-04-17 09:48:08,116.79,116.89
2025-04-17 09:48:09,116.82,116.89
2025-04-17 09:48:11,116.81,116.89
2025-04-17 09:48:12,116.81,116.91
2025-04-17 09:48:13,116.81,116.89
2025-04-17 09:48:15,116.81,116.91
2025-04-17 09:48:16,116.86,116.96
2025-04-17 09:48:17,116.89,116.99
2025-04-17 09:48:19,116.89,116.96
2025-04-17 09:48:19,116.89,116.93
2025-04-17 09:48:20,116.89,116.96
2025-04-17 09:48:21,116.86,116.96
2025-04-17 09:48:22,116.84,116.91
2025-04-17 09:48:23,116.89,116.96
2025-04-17 09:48:24,116.86,116.96
2025-04-17 09:48:25,116.89,116.99
2025-04-17 09:48:26,116.89,116.96
2025-04-17 09:48:28,116.89,116.99
2025-04-17 09:48:30,116.89,116.96
2025-04-17 09:48:31,116.89,116.99
2025-04-17 09:48:32,116.89,116.96
2025-04-17 09:48:38,116.89,116.99
2025-04-17 09:48:39,116.89,116.96
2025-04-17 09:48:41,116.88,116.96
2025-04-17 09:48:42,116.85,116.92
2025-04-17 09:48:43,116.88,116.95
2025-04-17 09:48:45,116.88,116.98
2025-04-17 09:48:46,116.88,116.95
2025-04-17 09:48:47,116.88,116.97
2025-04-17 09:48:48,116.88,116.98
2025-04-17 09:48:50,116.9,116.98
2025-04-17 09:48:51,117.0,117.07
2025-04-17 09:48:55,116.97,117.07
2025-04-17 09:48:56,117.0,117.07
2025-04-17 09:48:57,116.97,117.07
2025-04-17 09:48:58,116.97,117.05
2025-04-17 09:48:59,116.97,117.07
2025-04-17 09:49:01,116.97,117.05
2025-04-17 09:49:02,116.95,117.05
2025-04-17 09:49:03,116.95,117.02
2025-04-17 09:49:04,116.95,117.05
2025-04-17 09:49:06,116.98,117.05
2025-04-17 09:49:07,116.97,117.05
2025-04-17 09:49:08,116.97,117.07
2025-04-17 09:49:09,116.97,117.05
2025-04-17 09:49:10,116.95,117.02
2025-04-17 09:49:16,116.92,117.02
2025-04-17 09:49:17,116.88,116.95
2025-04-17 09:49:18,116.93,117.0
2025-04-17 09:49:20,116.93,117.02
2025-04-17 09:49:21,116.9,117.0
2025-04-17 09:49:22,116.9,116.97
2025-04-17 09:49:24,116.9,116.95
2025-04-17 09:49:24,116.88,116.98
2025-04-17 09:49:25,116.88,116.95
2025-04-17 09:49:28,116.93,117.0
2025-04-17 09:49:32,116.88,116.98
2025-04-17 09:49:32,116.88,116.95
2025-04-17 09:49:36,116.88,116.92
2025-04-17 09:49:39,116.85,116.9
2025-04-17 09:49:40,116.78,116.88
2025-04-17 09:49:42,116.83,116.9
2025-04-17 09:49:45,116.83,116.93
2025-04-17 09:49:46,116.83,116.9
2025-04-17 09:49:50,116.83,116.93
2025-04-17 09:49:51,116.83,116.9
2025-04-17 09:50:01,116.83,116.88
2025-04-17 09:50:02,116.75,116.85
2025-04-17 09:50:03,116.78,116.88
2025-04-17 09:50:04,116.75,116.85
2025-04-17 09:50:05,116.78,116.85
2025-04-17 09:50:06,116.75,116.85
2025-04-17 09:50:07,116.78,116.85
2025-04-17 09:50:08,116.75,116.83
2025-04-17 09:50:10,116.8,116.9
2025-04-17 09:50:11,116.8,116.88
2025-04-17 09:50:12,116.8,116.9
2025-04-17 09:50:15,116.8,116.88
2025-04-17 09:50:16,116.8,116.83
2025-04-17 09:50:17,116.73,116.8
2025-04-17 09:50:19,116.83,116.9
2025-04-17 09:50:20,116.88,116.95
2025-04-17 09:50:22,116.88,116.98
2025-04-17 09:50:24,116.88,116.95
2025-04-17 09:50:25,116.85,116.95
2025-04-17 09:50:28,116.88,116.95
2025-04-17 09:50:33,116.85,116.95
2025-04-17 09:50:36,116.85,116.92
2025-04-17 09:50:41,116.76,116.92
2025-04-17 09:50:42,116.74,116.81
2025-04-17 09:50:44,116.79,116.86
2025-04-17 09:50:46,116.79,116.88
2025-04-17 09:50:47,116.81,116.88
2025-04-17 09:50:48,116.79,116.86
2025-04-17 09:50:51,116.79,116.83
2025-04-17 09:50:52,116.74,116.84
2025-04-17 09:50:53,116.74,116.81
2025-04-17 09:50:54,116.74,116.84
2025-04-17 09:50:55,116.74,116.81
2025-04-17 09:50:56,116.71,116.81
2025-04-17 09:50:57,116.74,116.81
2025-04-17 09:50:59,116.74,116.84
2025-04-17 09:50:59,116.74,116.81
2025-04-17 09:51:03,116.71,116.81
2025-04-17 09:51:04,116.74,116.81
2025-04-17 09:51:05,116.71,116.78
2025-04-17 09:51:06,116.71,116.81
2025-04-17 09:51:08,116.71,116.78
2025-04-17 09:51:09,116.71,116.81
2025-04-17 09:51:10,116.71,116.78
2025-04-17 09:51:11,116.71,116.81
2025-04-17 09:51:13,116.71,116.78
2025-04-17 09:51:20,116.71,116.76
2025-04-17 09:51:21,116.69,116.76
2025-04-17 09:51:22,116.66,116.76
2025-04-17 09:51:24,116.66,116.74
2025-04-17 09:51:26,116.66,116.76
2025-04-17 09:51:28,116.66,116.74
2025-04-17 09:51:30,116.66,116.76
2025-04-17 09:51:31,116.66,116.74
2025-04-17 09:51:32,116.66,116.76
2025-04-17 09:51:33,116.69,116.76
2025-04-17 09:51:40,116.66,116.76
2025-04-17 09:51:41,116.69,116.76
2025-04-17 09:51:42,116.64,116.71
2025-04-17 09:51:42,116.66,116.76
2025-04-17 09:51:43,116.74,116.81
2025-04-17 09:51:44,116.79,116.86
2025-04-17 09:51:46,116.81,116.91
2025-04-17 09:51:47,116.81,116.88
2025-04-17 09:51:48,116.81,116.93
2025-04-17 09:51:49,116.81,116.91
2025-04-17 09:51:50,116.86,116.93
2025-04-17 09:51:53,116.86,116.96
2025-04-17 09:51:54,116.89,116.96
2025-04-17 09:51:55,116.81,116.88
2025-04-17 09:51:59,116.81,116.89
2025-04-17 09:52:00,116.79,116.86
2025-04-17 09:52:01,116.81,116.89
2025-04-17 09:52:02,116.79,116.89
2025-04-17 09:52:03,116.74,116.81
2025-04-17 09:52:05,116.72,116.79
2025-04-17 09:52:07,116.74,116.81
2025-04-17 09:52:08,116.74,116.79
2025-04-17 09:52:09,116.72,116.79
2025-04-17 09:52:11,116.72,116.81
2025-04-17 09:52:12,116.69,116.79
2025-04-17 09:52:13,116.72,116.79
2025-04-17 09:52:14,116.71,116.79
2025-04-17 09:52:15,116.71,116.81
2025-04-17 09:52:16,116.72,116.79
2025-04-17 09:52:20,116.69,116.79
2025-04-17 09:52:21,116.72,116.79
2025-04-17 09:52:23,116.69,116.79
2025-04-17 09:52:24,116.66,116.76
2025-04-17 09:52:26,116.62,116.74
2025-04-17 09:52:26,116.59,116.66
2025-04-17 09:52:27,116.59,116.69
2025-04-17 09:52:28,116.62,116.69
2025-04-17 09:52:29,116.59,116.69
2025-04-17 09:52:33,116.57,116.67
2025-04-17 09:52:34,116.54,116.64
2025-04-17 09:52:34,116.57,116.67
2025-04-17 09:52:35,116.54,116.61
2025-04-17 09:52:36,116.57,116.67
2025-04-17 09:52:37,116.59,116.67
2025-04-17 09:52:39,116.62,116.69
2025-04-17 09:52:39,116.57,116.64
2025-04-17 09:52:40,116.54,116.64
2025-04-17 09:52:41,116.56,116.63
2025-04-17 09:52:42,116.58,116.68
2025-04-17 09:52:43,116.55,116.65
2025-04-17 09:52:44,116.58,116.65
2025-04-17 09:52:46,116.55,116.65
2025-04-17 09:52:47,116.58,116.68
2025-04-17 09:52:48,116.6,116.68
2025-04-17 09:52:49,116.58,116.68
2025-04-17 09:52:52,116.58,116.65
2025-04-17 09:53:00,116.58,116.68
2025-04-17 09:53:01,116.58,116.65
2025-04-17 09:53:06,116.58,116.68
2025-04-17 09:53:08,116.6,116.68
2025-04-17 09:53:09,116.58,116.68
2025-04-17 09:53:10,116.6,116.68
2025-04-17 09:53:11,116.58,116.65
2025-04-17 09:53:13,116.58,116.63
2025-04-17 09:53:14,116.55,116.65
2025-04-17 09:53:16,116.58,116.65
2025-04-17 09:53:18,116.6,116.67
2025-04-17 09:53:25,116.6,116.7
2025-04-17 09:53:28,116.63,116.73
2025-04-17 09:53:29,116.65,116.73
2025-04-17 09:53:33,116.65,116.75
2025-04-17 09:53:34,116.68,116.75
2025-04-17 09:53:37,116.65,116.75
2025-04-17 09:53:38,116.65,116.72
2025-04-17 09:53:41,116.65,116.73
2025-04-17 09:53:43,116.65,116.75
2025-04-17 09:53:44,116.68,116.75
2025-04-17 09:53:46,116.63,116.73
2025-04-17 09:53:47,116.66,116.73
2025-04-17 09:53:48,116.65,116.75
2025-04-17 09:53:49,116.63,116.73
2025-04-17 09:53:52,116.66,116.73
2025-04-17 09:53:52,116.7,116.8
2025-04-17 09:53:53,116.7,116.78
2025-04-17 09:53:54,116.68,116.75
2025-04-17 09:53:55,116.68,116.78
2025-04-17 09:53:56,116.75,116.82
2025-04-17 09:53:58,116.75,116.8
2025-04-17 09:53:59,116.7,116.8
2025-04-17 09:54:00,116.7,116.78
2025-04-17 09:54:02,116.68,116.78
2025-04-17 09:54:04,116.68,116.75
2025-04-17 09:54:10,116.68,116.78
2025-04-17 09:54:15,116.68,116.75
2025-04-17 09:54:18,116.68,116.78
2025-04-17 09:54:18,116.7,116.8
2025-04-17 09:54:20,116.7,116.78
2025-04-17 09:54:21,116.78,116.88
2025-04-17 09:54:22,116.83,116.9
2025-04-17 09:54:23,116.87,116.97
2025-04-17 09:54:24,116.93,117.0
2025-04-17 09:54:25,116.9,117.0
2025-04-17 09:54:27,116.9,116.97
2025-04-17 09:54:28,116.88,116.95
2025-04-17 09:54:29,116.85,116.92
2025-04-17 09:54:31,116.82,116.92
2025-04-17 09:54:32,116.85,116.95
2025-04-17 09:54:33,116.82,116.92
2025-04-17 09:54:36,116.82,116.9
2025-04-17 09:54:37,116.8,116.9
2025-04-17 09:54:38,116.78,116.88
2025-04-17 09:54:39,116.75,116.85
2025-04-17 09:54:42,116.81,116.88
2025-04-17 09:54:43,116.78,116.88
2025-04-17 09:54:45,116.81,116.88
2025-04-17 09:54:46,116.78,116.88
2025-04-17 09:54:48,116.81,116.88
2025-04-17 09:54:49,116.83,116.93
2025-04-17 09:54:50,116.83,116.9
2025-04-17 09:54:53,116.8,116.9
2025-04-17 09:54:55,116.8,116.88
2025-04-17 09:54:56,116.78,116.88
2025-04-17 09:54:57,116.81,116.88
2025-04-17 09:54:58,116.78,116.88
2025-04-17 09:55:00,116.81,116.88
2025-04-17 09:55:01,116.78,116.88
2025-04-17 09:55:03,116.81,116.88
2025-04-17 09:55:05,116.78,116.88
2025-04-17 09:55:07,116.75,116.83
2025-04-17 09:55:07,116.75,116.85
2025-04-17 09:55:08,116.83,116.9
2025-04-17 09:55:10,116.83,116.88
2025-04-17 09:55:11,116.83,116.9
2025-04-17 09:55:13,116.85,116.93
2025-04-17 09:55:15,116.83,116.9
2025-04-17 09:55:15,116.85,116.93
2025-04-17 09:55:17,116.83,116.93
2025-04-17 09:55:18,116.83,116.95
2025-04-17 09:55:20,116.88,116.95
2025-04-17 09:55:20,116.83,116.93
2025-04-17 09:55:22,116.83,116.9
2025-04-17 09:55:24,116.8,116.88
2025-04-17 09:55:26,116.8,116.85
2025-04-17 09:55:27,116.8,116.9
2025-04-17 09:55:28,116.83,116.9
2025-04-17 09:55:29,116.8,116.88
2025-04-17 09:55:31,116.83,116.9
2025-04-17 09:55:32,116.85,116.93
2025-04-17 09:55:34,116.8,116.88
2025-04-17 09:55:36,116.8,116.9
2025-04-17 09:55:38,116.78,116.88
2025-04-17 09:55:40,116.78,116.85
2025-04-17 09:55:41,116.73,116.83
2025-04-17 09:55:44,116.73,116.8
2025-04-17 09:55:45,116.68,116.78
2025-04-17 09:55:47,116.68,116.76
2025-04-17 09:55:48,116.66,116.76
2025-04-17 09:55:49,116.66,116.73
2025-04-17 09:55:50,116.66,116.76
2025-04-17 09:55:51,116.66,116.73
2025-04-17 09:55:54,116.63,116.73
2025-04-17 09:55:56,116.66,116.73
2025-04-17 09:55:57,116.63,116.73
2025-04-17 09:55:58,116.66,116.73
2025-04-17 09:56:00,116.63,116.73
2025-04-17 09:56:00,116.68,116.78
2025-04-17 09:56:01,116.66,116.76
2025-04-17 09:56:02,116.69,116.76
2025-04-17 09:56:04,116.76,116.86
2025-04-17 09:56:05,116.73,116.8
2025-04-17 09:56:07,116.73,116.81
2025-04-17 09:56:08,116.73,116.83
2025-04-17 09:56:08,116.78,116.85
2025-04-17 09:56:09,116.76,116.86
2025-04-17 09:56:10,116.78,116.86
2025-04-17 09:56:12,116.76,116.86
2025-04-17 09:56:14,116.76,116.83
2025-04-17 09:56:15,116.76,116.86
2025-04-17 09:56:16,116.73,116.83
2025-04-17 09:56:17,116.73,116.8
2025-04-17 09:56:18,116.76,116.83
2025-04-17 09:56:22,116.76,116.81
2025-04-17 09:56:23,116.73,116.81
2025-04-17 09:56:24,116.76,116.83
2025-04-17 09:56:25,116.73,116.83
2025-04-17 09:56:26,116.71,116.81
2025-04-17 09:56:29,116.68,116.78
2025-04-17 09:56:30,116.64,116.71
2025-04-17 09:56:31,116.59,116.66
2025-04-17 09:56:31,116.61,116.71
2025-04-17 09:56:32,116.59,116.66
2025-04-17 09:56:33,116.61,116.68
2025-04-17 09:56:36,116.61,116.71
2025-04-17 09:56:37,116.64,116.71
2025-04-17 09:56:39,116.64,116.68
2025-04-17 09:56:40,116.64,116.71
2025-04-17 09:56:41,116.5,116.57
2025-04-17 09:56:43,116.5,116.6
2025-04-17 09:56:44,116.5,116.57
2025-04-17 09:56:45,116.5,116.6
2025-04-17 09:56:46,116.48,116.58
2025-04-17 09:56:48,116.5,116.58
2025-04-17 09:56:52,116.5,116.6
2025-04-17 09:56:53,116.5,116.57
2025-04-17 09:56:55,116.5,116.58
2025-04-17 09:56:56,116.48,116.58
2025-04-17 09:56:58,116.48,116.55
2025-04-17 09:56:59,116.48,116.53
2025-04-17 09:57:00,116.48,116.55
2025-04-17 09:57:02,116.48,116.58
2025-04-17 09:57:04,116.48,116.55
2025-04-17 09:57:06,116.48,116.53
2025-04-17 09:57:07,116.48,116.55
2025-04-17 09:57:09,116.45,116.53
2025-04-17 09:57:11,116.45,116.5
2025-04-17 09:57:12,116.43,116.5
2025-04-17 09:57:13,116.43,116.53
2025-04-17 09:57:15,116.43,116.5
2025-04-17 09:57:16,116.4,116.5
2025-04-17 09:57:17,116.4,116.48
2025-04-17 09:57:18,116.4,116.5
2025-04-17 09:57:19,116.43,116.5
2025-04-17 09:57:20,116.43,116.53
2025-04-17 09:57:21,116.46,116.53
2025-04-17 09:57:22,116.43,116.53
2025-04-17 09:57:26,116.43,116.5
2025-04-17 09:57:27,116.43,116.53
2025-04-17 09:57:29,116.43,116.5
2025-04-17 09:57:30,116.46,116.53
2025-04-17 09:57:31,116.45,116.53
2025-04-17 09:57:32,116.45,116.55
2025-04-17 09:57:33,116.46,116.53
2025-04-17 09:57:34,116.45,116.55
2025-04-17 09:57:35,116.45,116.53
2025-04-17 09:57:38,116.45,116.55
2025-04-17 09:57:39,116.43,116.53
2025-04-17 09:57:40,116.46,116.53
2025-04-17 09:57:41,116.46,116.54
2025-04-17 09:57:42,116.49,116.59
2025-04-17 09:57:43,116.52,116.59
2025-04-17 09:57:45,116.52,116.62
2025-04-17 09:57:46,116.52,116.59
2025-04-17 09:57:51,116.52,116.62
2025-04-17 09:57:52,116.5,116.57
2025-04-17 09:57:54,116.5,116.59
2025-04-17 09:57:56,116.54,116.61
2025-04-17 09:57:59,116.54,116.62
2025-04-17 09:58:00,116.52,116.59
2025-04-17 09:58:03,116.52,116.57
2025-04-17 09:58:04,116.42,116.52
2025-04-17 09:58:04,116.44,116.54
2025-04-17 09:58:05,116.47,116.54
2025-04-17 09:58:06,116.47,116.61
2025-04-17 09:58:07,116.52,116.59
2025-04-17 09:58:11,116.52,116.57
2025-04-17 09:58:12,116.49,116.57
2025-04-17 09:58:14,116.49,116.59
2025-04-17 09:58:15,116.54,116.62
2025-04-17 09:58:16,116.52,116.62
2025-04-17 09:58:17,116.54,116.61
2025-04-17 09:58:18,116.54,116.62
2025-04-17 09:58:21,116.54,116.64
2025-04-17 09:58:22,116.59,116.66
2025-04-17 09:58:23,116.62,116.69
2025-04-17 09:58:25,116.62,116.71
2025-04-17 09:58:26,116.61,116.71
2025-04-17 09:58:28,116.64,116.74
2025-04-17 09:58:30,116.64,116.71
2025-04-17 09:58:31,116.64,116.69
2025-04-17 09:58:32,116.64,116.71
2025-04-17 09:58:34,116.64,116.74
2025-04-17 09:58:36,116.64,116.71
2025-04-17 09:58:37,116.64,116.74
2025-04-17 09:58:38,116.67,116.74
2025-04-17 09:58:40,116.69,116.79
2025-04-17 09:58:41,116.69,116.84
2025-04-17 09:58:42,116.74,116.81
2025-04-17 09:58:44,116.74,116.78
2025-04-17 09:58:44,116.71,116.78
2025-04-17 09:58:46,116.71,116.81
2025-04-17 09:58:47,116.74,116.81
2025-04-17 09:58:49,116.74,116.84
2025-04-17 09:58:50,116.76,116.86
2025-04-17 09:58:51,116.79,116.86
2025-04-17 09:58:53,116.79,116.89
2025-04-17 09:58:54,116.76,116.83
2025-04-17 09:58:55,116.76,116.86
2025-04-17 09:58:56,116.79,116.86
2025-04-17 09:58:57,116.79,116.89
2025-04-17 09:58:58,116.79,116.86
2025-04-17 09:59:01,116.79,116.89
2025-04-17 09:59:02,116.81,116.89
2025-04-17 09:59:04,116.81,116.91
2025-04-17 09:59:06,116.84,116.91
2025-04-17 09:59:08,116.81,116.88
2025-04-17 09:59:11,116.81,116.91
2025-04-17 09:59:12,116.84,116.91
2025-04-17 09:59:13,116.81,116.91
2025-04-17 09:59:16,116.79,116.86
2025-04-17 09:59:18,116.76,116.86
2025-04-17 09:59:19,116.79,116.86
2025-04-17 09:59:20,116.76,116.86
2025-04-17 09:59:22,116.74,116.84
2025-04-17 09:59:22,116.71,116.81
2025-04-17 09:59:23,116.69,116.79
2025-04-17 09:59:25,116.69,116.76
2025-04-17 09:59:25,116.66,116.76
2025-04-17 09:59:27,116.69,116.76
2025-04-17 09:59:28,116.66,116.76
2025-04-17 09:59:29,116.71,116.81
2025-04-17 09:59:30,116.71,116.78
2025-04-17 09:59:32,116.67,116.74
2025-04-17 09:59:35,116.67,116.76
2025-04-17 09:59:37,116.66,116.76
2025-04-17 09:59:38,116.71,116.78
2025-04-17 09:59:39,116.71,116.79
2025-04-17 09:59:40,116.71,116.81
2025-04-17 09:59:41,116.71,116.78
2025-04-17 09:59:44,116.71,116.76
2025-04-17 09:59:45,116.69,116.76
2025-04-17 09:59:46,116.69,116.79
2025-04-17 09:59:47,116.71,116.79
2025-04-17 09:59:48,116.69,116.79
2025-04-17 09:59:49,116.71,116.79
2025-04-17 09:59:50,116.71,116.81
2025-04-17 09:59:51,116.71,116.78
2025-04-17 09:59:52,116.74,116.81
2025-04-17 09:59:53,116.71,116.78
2025-04-17 09:59:58,116.71,116.79
2025-04-17 09:59:59,116.69,116.79
2025-04-17 10:00:00,116.71,116.81
2025-04-17 10:00:01,116.76,116.83
2025-04-17 10:00:02,116.73,116.83
2025-04-17 10:00:03,116.57,116.64
2025-04-17 10:00:04,116.59,116.66
2025-04-17 10:00:05,116.54,116.61
2025-04-17 10:00:06,116.56,116.64
2025-04-17 10:00:07,116.56,116.66
2025-04-17 10:00:08,116.59,116.66
2025-04-17 10:00:09,116.52,116.59
2025-04-17 10:00:10,116.47,116.57
2025-04-17 10:00:11,116.47,116.54
2025-04-17 10:00:12,116.44,116.51
2025-04-17 10:00:13,116.47,116.54
2025-04-17 10:00:15,116.49,116.56
2025-04-17 10:00:16,116.47,116.57
2025-04-17 10:00:17,116.44,116.54
2025-04-17 10:00:19,116.49,116.56
2025-04-17 10:00:20,116.47,116.57
2025-04-17 10:00:23,116.54,116.61
2025-04-17 10:00:24,116.52,116.62
2025-04-17 10:00:24,116.52,116.59
2025-04-17 10:00:27,116.49,116.56
2025-04-17 10:00:28,116.49,116.59
2025-04-17 10:00:28,116.49,116.56
2025-04-17 10:00:30,116.52,116.59
2025-04-17 10:00:31,116.49,116.59
2025-04-17 10:00:33,116.49,116.56
2025-04-17 10:00:34,116.47,116.54
2025-04-17 10:00:36,116.44,116.54
2025-04-17 10:00:37,116.47,116.54
2025-04-17 10:00:38,116.47,116.57
2025-04-17 10:00:39,116.47,116.54
2025-04-17 10:00:41,116.47,116.65
2025-04-17 10:00:42,116.55,116.63
2025-04-17 10:00:43,116.53,116.63
2025-04-17 10:00:44,116.56,116.63
2025-04-17 10:00:45,116.58,116.68
2025-04-17 10:00:46,116.55,116.65
2025-04-17 10:00:47,116.58,116.65
2025-04-17 10:00:48,116.56,116.63
2025-04-17 10:00:49,116.53,116.6
2025-04-17 10:00:50,116.55,116.63
2025-04-17 10:00:51,116.53,116.63
2025-04-17 10:00:52,116.56,116.63
2025-04-17 10:00:53,116.53,116.63
2025-04-17 10:00:54,116.58,116.68
2025-04-17 10:00:55,116.63,116.7
2025-04-17 10:00:56,116.58,116.68
2025-04-17 10:00:57,116.58,116.65
2025-04-17 10:00:58,116.55,116.65
2025-04-17 10:01:00,116.58,116.65
2025-04-17 10:01:01,116.55,116.63
2025-04-17 10:01:02,116.56,116.63
2025-04-17 10:01:03,116.58,116.65
2025-04-17 10:01:04,116.58,116.68
2025-04-17 10:01:05,116.58,116.65
2025-04-17 10:01:08,116.53,116.6
2025-04-17 10:01:09,116.53,116.58
2025-04-17 10:01:10,116.51,116.58
2025-04-17 10:01:11,116.48,116.58
2025-04-17 10:01:12,116.46,116.53
2025-04-17 10:01:15,116.48,116.56
2025-04-17 10:01:18,116.46,116.56
2025-04-17 10:01:19,116.46,116.53
2025-04-17 10:01:24,116.46,116.5
2025-04-17 10:01:25,116.43,116.53
2025-04-17 10:01:26,116.46,116.53
2025-04-17 10:01:27,116.48,116.58
2025-04-17 10:01:28,116.5,116.6
2025-04-17 10:01:29,116.48,116.58
2025-04-17 10:01:31,116.5,116.6
2025-04-17 10:01:32,116.53,116.6
2025-04-17 10:01:33,116.5,116.6
2025-04-17 10:01:34,116.53,116.6
2025-04-17 10:01:36,116.53,116.63
2025-04-17 10:01:37,116.56,116.63
2025-04-17 10:01:38,116.53,116.63
2025-04-17 10:01:39,116.53,116.6
2025-04-17 10:01:40,116.47,116.54
2025-04-17 10:01:41,116.5,116.57
2025-04-17 10:01:44,116.5,116.59
2025-04-17 10:01:45,116.55,116.62
2025-04-17 10:01:47,116.57,116.64
2025-04-17 10:01:49,116.55,116.62
2025-04-17 10:01:51,116.5,116.57
2025-04-17 10:01:52,116.52,116.59
2025-04-17 10:01:53,116.52,116.62
2025-04-17 10:01:54,116.6,116.67
2025-04-17 10:01:55,116.6,116.69
2025-04-17 10:01:56,116.62,116.69
2025-04-17 10:01:58,116.62,116.72
2025-04-17 10:01:59,116.64,116.71
2025-04-17 10:02:00,116.62,116.72
2025-04-17 10:02:01,116.57,116.67
2025-04-17 10:02:02,116.6,116.67
2025-04-17 10:02:03,116.57,116.64
2025-04-17 10:02:06,116.57,116.67
2025-04-17 10:02:07,116.55,116.62
2025-04-17 10:02:08,116.5,116.57
2025-04-17 10:02:09,116.47,116.54
2025-04-17 10:02:10,116.52,116.59
2025-04-17 10:02:11,116.6,116.67
2025-04-17 10:02:13,116.67,116.74
2025-04-17 10:02:15,116.67,116.76
2025-04-17 10:02:16,116.67,116.77
2025-04-17 10:02:17,116.67,116.74
2025-04-17 10:02:18,116.72,116.79
2025-04-17 10:02:19,116.74,116.81
2025-04-17 10:02:21,116.77,116.84
2025-04-17 10:02:22,116.76,116.84
2025-04-17 10:02:23,116.74,116.84
2025-04-17 10:02:24,116.74,116.81
2025-04-17 10:02:27,116.71,116.81
2025-04-17 10:02:28,116.67,116.74
2025-04-17 10:02:30,116.67,116.72
2025-04-17 10:02:31,116.64,116.74
2025-04-17 10:02:32,116.67,116.74
2025-04-17 10:02:34,116.64,116.74
2025-04-17 10:02:36,116.64,116.71
2025-04-17 10:02:37,116.62,116.72
2025-04-17 10:02:38,116.62,116.69
2025-04-17 10:02:41,116.6,116.7
2025-04-17 10:02:42,116.63,116.7
2025-04-17 10:02:43,116.62,116.72
2025-04-17 10:02:45,116.65,116.72
2025-04-17 10:02:46,116.68,116.75
2025-04-17 10:02:47,116.65,116.75
2025-04-17 10:02:48,116.7,116.77
2025-04-17 10:02:49,116.7,116.8
2025-04-17 10:02:52,116.7,116.77
2025-04-17 10:02:57,116.7,116.75
2025-04-17 10:02:58,116.72,116.79
2025-04-17 10:03:00,116.7,116.77
2025-04-17 10:03:02,116.65,116.72
2025-04-17 10:03:03,116.65,116.7
2025-04-17 10:03:04,116.65,116.72
2025-04-17 10:03:05,116.68,116.75
2025-04-17 10:03:07,116.7,116.77
2025-04-17 10:03:07,116.7,116.75
2025-04-17 10:03:09,116.6,116.7
2025-04-17 10:03:09,116.65,116.72
2025-04-17 10:03:10,116.62,116.7
2025-04-17 10:03:11,116.6,116.67
2025-04-17 10:03:12,116.6,116.65
2025-04-17 10:03:13,116.55,116.63
2025-04-17 10:03:15,116.58,116.65
2025-04-17 10:03:16,116.55,116.62
2025-04-17 10:03:18,116.58,116.68
2025-04-17 10:03:19,116.58,116.65
2025-04-17 10:03:19,116.6,116.67
2025-04-17 10:03:24,116.6,116.65
2025-04-17 10:03:25,116.6,116.7
2025-04-17 10:03:26,116.63,116.7
2025-04-17 10:03:28,116.6,116.7
2025-04-17 10:03:29,116.63,116.7
2025-04-17 10:03:30,116.62,116.7
2025-04-17 10:03:31,116.6,116.7
2025-04-17 10:03:33,116.65,116.72
2025-04-17 10:03:34,116.63,116.7
2025-04-17 10:03:36,116.58,116.68
2025-04-17 10:03:37,116.6,116.68
2025-04-17 10:03:38,116.58,116.68
2025-04-17 10:03:39,116.6,116.68
2025-04-17 10:03:42,116.57,116.64
2025-04-17 10:03:43,116.54,116.64
2025-04-17 10:03:44,116.57,116.64
2025-04-17 10:03:48,116.57,116.59
2025-04-17 10:03:49,116.54,116.64
2025-04-17 10:03:50,116.55,116.62
2025-04-17 10:03:51,116.57,116.64
2025-04-17 10:03:54,116.54,116.64
2025-04-17 10:03:57,116.57,116.64
2025-04-17 10:03:58,116.6,116.67
2025-04-17 10:04:00,116.6,116.69
2025-04-17 10:04:01,116.57,116.64
2025-04-17 10:04:02,116.57,116.67
2025-04-17 10:04:03,116.6,116.67
2025-04-17 10:04:05,116.57,116.67
2025-04-17 10:04:07,116.6,116.67
2025-04-17 10:04:10,116.57,116.67
2025-04-17 10:04:13,116.6,116.67
2025-04-17 10:04:14,116.6,116.64
2025-04-17 10:04:15,116.57,116.64
2025-04-17 10:04:16,116.6,116.67
2025-04-17 10:04:17,116.57,116.64
2025-04-17 10:04:19,116.57,116.67
2025-04-17 10:04:19,116.6,116.67
2025-04-17 10:04:22,116.6,116.64
2025-04-17 10:04:23,116.57,116.64
2025-04-17 10:04:26,116.57,116.67
2025-04-17 10:04:27,116.57,116.64
2025-04-17 10:04:29,116.57,116.67
2025-04-17 10:04:30,116.6,116.67
2025-04-17 10:04:31,116.57,116.67
2025-04-17 10:04:32,116.57,116.64
2025-04-17 10:04:33,116.52,116.62
2025-04-17 10:04:34,116.55,116.62
2025-04-17 10:04:35,116.52,116.59
2025-04-17 10:04:37,116.5,116.57
2025-04-17 10:04:37,116.47,116.57
2025-04-17 10:04:38,116.5,116.6
2025-04-17 10:04:40,116.42,116.52
2025-04-17 10:04:41,116.44,116.51
2025-04-17 10:04:42,116.39,116.49
2025-04-17 10:04:43,116.44,116.51
2025-04-17 10:04:45,116.41,116.49
2025-04-17 10:04:45,116.44,116.51
2025-04-17 10:04:48,116.39,116.49
2025-04-17 10:04:49,116.39,116.46
2025-04-17 10:04:52,116.39,116.49
2025-04-17 10:04:54,116.42,116.49
2025-04-17 10:04:56,116.39,116.46
2025-04-17 10:04:56,116.39,116.49
2025-04-17 10:04:58,116.42,116.49
2025-04-17 10:05:00,116.42,116.51
2025-04-17 10:05:01,116.41,116.51
2025-04-17 10:05:03,116.46,116.53
2025-04-17 10:05:04,116.44,116.51
2025-04-17 10:05:05,116.44,116.53
2025-04-17 10:05:06,116.46,116.53
2025-04-17 10:05:08,116.46,116.56
2025-04-17 10:05:09,116.49,116.56
2025-04-17 10:05:10,116.49,116.59
2025-04-17 10:05:11,116.46,116.56
2025-04-17 10:05:12,116.51,116.59
2025-04-17 10:05:14,116.51,116.61
2025-04-17 10:05:16,116.51,116.58
2025-04-17 10:05:17,116.51,116.56
2025-04-17 10:05:18,116.51,116.58
2025-04-17 10:05:19,116.54,116.61
2025-04-17 10:05:20,116.51,116.58
2025-04-17 10:05:21,116.54,116.61
2025-04-17 10:05:22,116.61,116.71
2025-04-17 10:05:23,116.63,116.71
2025-04-17 10:05:25,116.63,116.73
2025-04-17 10:05:26,116.63,116.7
2025-04-17 10:05:27,116.58,116.68
2025-04-17 10:05:28,116.61,116.68
2025-04-17 10:05:29,116.56,116.66
2025-04-17 10:05:31,116.56,116.63
2025-04-17 10:05:36,116.56,116.66
2025-04-17 10:05:37,116.56,116.63
2025-04-17 10:05:38,116.51,116.58
2025-04-17 10:05:40,116.51,116.61
2025-04-17 10:05:41,116.54,116.61
2025-04-17 10:05:43,116.46,116.54
2025-04-17 10:05:46,116.46,116.56
2025-04-17 10:05:47,116.47,116.54
2025-04-17 10:05:50,116.47,116.56
2025-04-17 10:05:51,116.49,116.56
2025-04-17 10:05:54,116.46,116.56
2025-04-17 10:05:55,116.49,116.56
2025-04-17 10:05:56,116.49,116.54
2025-04-17 10:05:57,116.46,116.54
2025-04-17 10:05:58,116.46,116.56
2025-04-17 10:05:59,116.49,116.56
2025-04-17 10:06:01,116.44,116.51
2025-04-17 10:06:03,116.41,116.51
2025-04-17 10:06:04,116.44,116.51
2025-04-17 10:06:05,116.39,116.46
2025-04-17 10:06:07,116.39,116.44
2025-04-17 10:06:08,116.37,116.44
2025-04-17 10:06:09,116.34,116.41
2025-04-17 10:06:11,116.34,116.44
2025-04-17 10:06:12,116.37,116.47
2025-04-17 10:06:13,116.37,116.44
2025-04-17 10:06:13,116.39,116.46
2025-04-17 10:06:14,116.37,116.44
2025-04-17 10:06:20,116.37,116.47
2025-04-17 10:06:21,116.37,116.44
2025-04-17 10:06:22,116.37,116.41
2025-04-17 10:06:23,116.34,116.41
2025-04-17 10:06:24,116.34,116.39
2025-04-17 10:06:25,116.34,116.42
2025-04-17 10:06:26,116.34,116.44
2025-04-17 10:06:28,116.34,116.41
2025-04-17 10:06:29,116.32,116.39
2025-04-17 10:06:29,116.34,116.44
2025-04-17 10:06:30,116.44,116.51
2025-04-17 10:06:31,116.41,116.51
2025-04-17 10:06:32,116.44,116.51
2025-04-17 10:06:33,116.42,116.49
2025-04-17 10:06:36,116.39,116.49
2025-04-17 10:06:37,116.42,116.49
2025-04-17 10:06:39,116.39,116.46
2025-04-17 10:06:40,116.37,116.44
2025-04-17 10:06:41,116.34,116.44
2025-04-17 10:06:42,116.34,116.41
2025-04-17 10:06:43,116.34,116.44
2025-04-17 10:06:44,116.37,116.44
2025-04-17 10:06:47,116.34,116.44
2025-04-17 10:06:48,116.31,116.41
2025-04-17 10:06:50,116.34,116.41
2025-04-17 10:06:52,116.34,116.44
2025-04-17 10:06:53,116.36,116.46
2025-04-17 10:06:54,116.39,116.46
2025-04-17 10:06:55,116.36,116.44
2025-04-17 10:06:57,116.36,116.46
2025-04-17 10:06:58,116.42,116.49
2025-04-17 10:07:00,116.42,116.51
2025-04-17 10:07:01,116.44,116.51
2025-04-17 10:07:03,116.44,116.54
2025-04-17 10:07:06,116.49,116.56
2025-04-17 10:07:10,116.49,116.53
2025-04-17 10:07:11,116.46,116.56
2025-04-17 10:07:12,116.49,116.56
2025-04-17 10:07:14,116.46,116.56
2025-04-17 10:07:15,116.46,116.53
2025-04-17 10:07:18,116.46,116.56
2025-04-17 10:07:19,116.46,116.53
2025-04-17 10:07:20,116.49,116.56
2025-04-17 10:07:21,116.49,116.59
2025-04-17 10:07:22,116.51,116.59
2025-04-17 10:07:23,116.54,116.61
2025-04-17 10:07:24,116.56,116.63
2025-04-17 10:07:26,116.56,116.66
2025-04-17 10:07:27,116.59,116.66
2025-04-17 10:07:29,116.53,116.63
2025-04-17 10:07:30,116.56,116.63
2025-04-17 10:07:31,116.56,116.66
2025-04-17 10:07:33,116.56,116.63
2025-04-17 10:07:35,116.59,116.66
2025-04-17 10:07:36,116.59,116.63
2025-04-17 10:07:37,116.56,116.63
2025-04-17 10:07:38,116.53,116.61
2025-04-17 10:07:39,116.53,116.63
2025-04-17 10:07:41,116.5,116.58
2025-04-17 10:07:42,116.53,116.6
2025-04-17 10:07:43,116.52,116.6
2025-04-17 10:07:45,116.53,116.6
2025-04-17 10:07:47,116.53,116.62
2025-04-17 10:07:48,116.55,116.62
2025-04-17 10:07:50,116.5,116.6
2025-04-17 10:07:52,116.5,116.57
2025-04-17 10:07:53,116.48,116.55
2025-04-17 10:07:54,116.48,116.58
2025-04-17 10:07:56,116.45,116.52
2025-04-17 10:07:57,116.45,116.55
2025-04-17 10:07:59,116.45,116.52
2025-04-17 10:08:00,116.48,116.55
2025-04-17 10:08:02,116.45,116.52
2025-04-17 10:08:03,116.45,116.55
2025-04-17 10:08:04,116.48,116.58
2025-04-17 10:08:06,116.5,116.58
2025-04-17 10:08:07,116.55,116.62
2025-04-17 10:08:09,116.52,116.62
2025-04-17 10:08:10,116.52,116.6
2025-04-17 10:08:12,116.5,116.6
2025-04-17 10:08:13,116.53,116.6
2025-04-17 10:08:14,116.55,116.65
2025-04-17 10:08:17,116.58,116.65
2025-04-17 10:08:18,116.57,116.67
2025-04-17 10:08:19,116.6,116.67
2025-04-17 10:08:20,116.62,116.69
2025-04-17 10:08:21,116.62,116.67
2025-04-17 10:08:22,116.58,116.65
2025-04-17 10:08:24,116.55,116.65
2025-04-17 10:08:25,116.57,116.67
2025-04-17 10:08:26,116.6,116.67
2025-04-17 10:08:27,116.57,116.67
2025-04-17 10:08:28,116.57,116.65
2025-04-17 10:08:29,116.65,116.72
2025-04-17 10:08:30,116.67,116.75
2025-04-17 10:08:32,116.7,116.77
2025-04-17 10:08:33,116.7,116.8
2025-04-17 10:08:34,116.67,116.77
2025-04-17 10:08:35,116.65,116.72
2025-04-17 10:08:37,116.7,116.8
2025-04-17 10:08:38,116.7,116.77
2025-04-17 10:08:39,116.7,116.8
2025-04-17 10:08:40,116.67,116.77
2025-04-17 10:08:41,116.71,116.78
2025-04-17 10:08:42,116.68,116.75
2025-04-17 10:08:43,116.66,116.76
2025-04-17 10:08:44,116.68,116.75
2025-04-17 10:08:45,116.66,116.73
2025-04-17 10:08:49,116.63,116.73
2025-04-17 10:08:50,116.63,116.7
2025-04-17 10:08:52,116.63,116.71
2025-04-17 10:08:55,116.63,116.73
2025-04-17 10:08:56,116.63,116.7
2025-04-17 10:08:58,116.61,116.71
2025-04-17 10:08:59,116.61,116.68
2025-04-17 10:09:00,116.58,116.66
2025-04-17 10:09:02,116.58,116.63
2025-04-17 10:09:03,116.54,116.61
2025-04-17 10:09:04,116.56,116.63
2025-04-17 10:09:05,116.53,116.63
2025-04-17 10:09:07,116.56,116.66
2025-04-17 10:09:09,116.59,116.66
2025-04-17 10:09:10,116.56,116.63
2025-04-17 10:09:11,116.46,116.53
2025-04-17 10:09:12,116.46,116.58
2025-04-17 10:09:12,116.51,116.58
2025-04-17 10:09:14,116.48,116.58
2025-04-17 10:09:15,116.46,116.56
2025-04-17 10:09:16,116.53,116.63
2025-04-17 10:09:17,116.51,116.58
2025-04-17 10:09:18,116.59,116.66
2025-04-17 10:09:19,116.56,116.63
2025-04-17 10:09:20,116.53,116.63
2025-04-17 10:09:23,116.53,116.58
2025-04-17 10:09:24,116.48,116.58
2025-04-17 10:09:25,116.51,116.58
2025-04-17 10:09:26,116.54,116.61
2025-04-17 10:09:26,116.51,116.61
2025-04-17 10:09:27,116.54,116.61
2025-04-17 10:09:31,116.54,116.63
2025-04-17 10:09:32,116.56,116.63
2025-04-17 10:09:34,116.56,116.66
2025-04-17 10:09:35,116.59,116.66
2025-04-17 10:09:37,116.56,116.63
2025-04-17 10:09:38,116.61,116.68
2025-04-17 10:09:41,116.63,116.74
2025-04-17 10:09:42,116.66,116.76
2025-04-17 10:09:43,116.66,116.73
2025-04-17 10:09:44,116.66,116.74
2025-04-17 10:09:45,116.66,116.73
2025-04-17 10:09:46,116.64,116.71
2025-04-17 10:09:48,116.66,116.73
2025-04-17 10:09:49,116.66,116.78
2025-04-17 10:09:50,116.71,116.78
2025-04-17 10:09:52,116.73,116.83
2025-04-17 10:09:54,116.76,116.83
2025-04-17 10:09:56,116.76,116.86
2025-04-17 10:09:57,116.76,116.83
2025-04-17 10:09:58,116.76,116.85
2025-04-17 10:09:59,116.78,116.85
2025-04-17 10:10:00,116.76,116.83
2025-04-17 10:10:01,116.71,116.81
2025-04-17 10:10:03,116.71,116.78
2025-04-17 10:10:06,116.68,116.78
2025-04-17 10:10:07,116.68,116.76
2025-04-17 10:10:09,116.68,116.73
2025-04-17 10:10:10,116.64,116.71
2025-04-17 10:10:11,116.61,116.68
2025-04-17 10:10:12,116.64,116.71
2025-04-17 10:10:14,116.64,116.73
2025-04-17 10:10:15,116.64,116.74
2025-04-17 10:10:17,116.64,116.71
2025-04-17 10:10:18,116.61,116.68
2025-04-17 10:10:19,116.61,116.66
2025-04-17 10:10:20,116.59,116.66
2025-04-17 10:10:21,116.61,116.68
2025-04-17 10:10:25,116.61,116.69
2025-04-17 10:10:26,116.59,116.66
2025-04-17 10:10:27,116.59,116.68
2025-04-17 10:10:28,116.61,116.68
2025-04-17 10:10:31,116.54,116.64
2025-04-17 10:10:33,116.56,116.66
2025-04-17 10:10:34,116.56,116.64
2025-04-17 10:10:35,116.54,116.64
2025-04-17 10:10:36,116.61,116.68
2025-04-17 10:10:38,116.59,116.69
2025-04-17 10:10:39,116.59,116.66
2025-04-17 10:10:41,116.57,116.64
2025-04-17 10:10:41,116.56,116.66
2025-04-17 10:10:42,116.59,116.66
2025-04-17 10:10:44,116.56,116.66
2025-04-17 10:10:45,116.61,116.71
2025-04-17 10:10:48,116.64,116.71
2025-04-17 10:10:49,116.62,116.69
2025-04-17 10:10:49,116.61,116.71
2025-04-17 10:10:50,116.64,116.74
2025-04-17 10:10:52,116.64,116.71
2025-04-17 10:10:56,116.64,116.74
2025-04-17 10:10:57,116.64,116.71
2025-04-17 10:10:59,116.64,116.74
2025-04-17 10:11:00,116.71,116.79
2025-04-17 10:11:01,116.76,116.83
2025-04-17 10:11:03,116.74,116.84
2025-04-17 10:11:04,116.74,116.81
2025-04-17 10:11:05,116.71,116.81
2025-04-17 10:11:06,116.69,116.76
2025-04-17 10:11:07,116.66,116.76
2025-04-17 10:11:08,116.66,116.73
2025-04-17 10:11:09,116.64,116.71
2025-04-17 10:11:12,116.64,116.69
2025-04-17 10:11:13,116.57,116.64
2025-04-17 10:11:15,116.57,116.66
2025-04-17 10:11:16,116.54,116.61
2025-04-17 10:11:18,116.57,116.64
2025-04-17 10:11:23,116.57,116.66
2025-04-17 10:11:24,116.56,116.66
2025-04-17 10:11:25,116.57,116.64
2025-04-17 10:11:26,116.54,116.64
2025-04-17 10:11:27,116.54,116.61
2025-04-17 10:11:28,116.52,116.62
2025-04-17 10:11:29,116.52,116.59
2025-04-17 10:11:30,116.52,116.62
2025-04-17 10:11:32,116.52,116.59
2025-04-17 10:11:33,116.52,116.62
2025-04-17 10:11:34,116.52,116.59
2025-04-17 10:11:35,116.52,116.62
2025-04-17 10:11:37,116.54,116.62
2025-04-17 10:11:38,116.52,116.62
2025-04-17 10:11:41,116.52,116.56
2025-04-17 10:11:42,116.47,116.54
2025-04-17 10:11:43,116.44,116.54
2025-04-17 10:11:44,116.46,116.56
2025-04-17 10:11:45,116.47,116.54
2025-04-17 10:11:46,116.49,116.56
2025-04-17 10:11:49,116.49,116.59
2025-04-17 10:11:49,116.52,116.59
2025-04-17 10:11:52,116.52,116.56
2025-04-17 10:12:08,116.52,116.59
2025-04-17 10:12:09,116.61,116.69
2025-04-17 10:12:13,116.61,116.71
2025-04-17 10:12:14,116.61,116.68
2025-04-17 10:12:16,116.61,116.71
2025-04-17 10:12:17,116.61,116.68
2025-04-17 10:12:18,116.56,116.66
2025-04-17 10:12:20,116.59,116.66
2025-04-17 10:12:21,116.56,116.63
2025-04-17 10:12:22,116.59,116.66
2025-04-17 10:12:26,116.59,116.69
2025-04-17 10:12:27,116.59,116.66
2025-04-17 10:12:34,116.59,116.69
2025-04-17 10:12:35,116.56,116.66
2025-04-17 10:12:37,116.56,116.63
2025-04-17 10:12:38,116.56,116.64
2025-04-17 10:12:41,116.53,116.64
2025-04-17 10:12:42,116.51,116.61
2025-04-17 10:12:44,116.51,116.58
2025-04-17 10:12:45,116.46,116.53
2025-04-17 10:12:46,116.46,116.56
2025-04-17 10:12:49,116.46,116.53
2025-04-17 10:12:50,116.46,116.56
2025-04-17 10:12:51,116.44,116.51
2025-04-17 10:12:52,116.43,116.51
2025-04-17 10:12:55,116.43,116.53
2025-04-17 10:12:56,116.46,116.53
2025-04-17 10:12:59,116.43,116.53
2025-04-17 10:13:00,116.43,116.51
2025-04-17 10:13:01,116.36,116.43
2025-04-17 10:13:02,116.34,116.41
2025-04-17 10:13:03,116.34,116.44
2025-04-17 10:13:04,116.36,116.44
2025-04-17 10:13:05,116.44,116.51
2025-04-17 10:13:08,116.46,116.53
2025-04-17 10:13:09,116.46,116.56
2025-04-17 10:13:11,116.49,116.56
2025-04-17 10:13:12,116.46,116.53
2025-04-17 10:13:12,116.49,116.56
2025-04-17 10:13:14,116.49,116.58
2025-04-17 10:13:15,116.46,116.53
2025-04-17 10:13:19,116.46,116.56
2025-04-17 10:13:20,116.49,116.56
2025-04-17 10:13:21,116.46,116.56
2025-04-17 10:13:24,116.49,116.56
2025-04-17 10:13:25,116.46,116.53
2025-04-17 10:13:26,116.49,116.56
2025-04-17 10:13:27,116.48,116.56
2025-04-17 10:13:28,116.46,116.53
2025-04-17 10:13:30,116.46,116.56
2025-04-17 10:13:32,116.49,116.56
2025-04-17 10:13:33,116.46,116.53
2025-04-17 10:13:34,116.46,116.56
2025-04-17 10:13:38,116.49,116.56
2025-04-17 10:13:40,116.49,116.53
2025-04-17 10:13:41,116.52,116.59
2025-04-17 10:13:42,116.51,116.61
2025-04-17 10:13:44,116.54,116.61
2025-04-17 10:13:44,116.51,116.61
2025-04-17 10:13:45,116.49,116.56
2025-04-17 10:13:46,116.52,116.59
2025-04-17 10:13:49,116.52,116.61
2025-04-17 10:13:51,116.51,116.61
2025-04-17 10:13:52,116.54,116.61
2025-04-17 10:13:52,116.57,116.64
2025-04-17 10:13:53,116.56,116.66
2025-04-17 10:13:55,116.59,116.66
2025-04-17 10:13:56,116.56,116.66
2025-04-17 10:13:57,116.59,116.66
2025-04-17 10:13:58,116.56,116.66
2025-04-17 10:14:00,116.59,116.66
2025-04-17 10:14:01,116.56,116.66
2025-04-17 10:14:03,116.59,116.66
2025-04-17 10:14:04,116.61,116.68
2025-04-17 10:14:05,116.61,116.66
2025-04-17 10:14:06,116.61,116.69
2025-04-17 10:14:07,116.61,116.68
2025-04-17 10:14:08,116.64,116.71
2025-04-17 10:14:10,116.66,116.73
2025-04-17 10:14:11,116.68,116.76
2025-04-17 10:14:12,116.61,116.68
2025-04-17 10:14:13,116.61,116.71
2025-04-17 10:14:15,116.61,116.68
2025-04-17 10:14:16,116.54,116.61
2025-04-17 10:14:17,116.52,116.59
2025-04-17 10:14:18,116.51,116.59
2025-04-17 10:14:19,116.51,116.61
2025-04-17 10:14:20,116.57,116.64
2025-04-17 10:14:21,116.59,116.66
2025-04-17 10:14:24,116.59,116.69
2025-04-17 10:14:25,116.56,116.66
2025-04-17 10:14:27,116.54,116.64
2025-04-17 10:14:28,116.54,116.61
2025-04-17 10:14:29,116.54,116.64
2025-04-17 10:14:31,116.54,116.61
2025-04-17 10:14:32,116.49,116.59
2025-04-17 10:14:33,116.49,116.56
2025-04-17 10:14:34,116.44,116.51
2025-04-17 10:14:37,116.44,116.49
2025-04-17 10:14:38,116.42,116.49
2025-04-17 10:14:39,116.42,116.52
2025-04-17 10:14:41,116.42,116.49
2025-04-17 10:14:43,116.44,116.51
2025-04-17 10:14:45,116.44,116.54
2025-04-17 10:14:46,116.47,116.54
2025-04-17 10:14:48,116.44,116.54
2025-04-17 10:14:50,116.44,116.51
2025-04-17 10:14:53,116.44,116.46
2025-04-17 10:14:54,116.42,116.49
2025-04-17 10:14:58,116.39,116.49
2025-04-17 10:14:59,116.39,116.46
2025-04-17 10:15:00,116.39,116.49
2025-04-17 10:15:02,116.37,116.47
2025-04-17 10:15:03,116.34,116.44
2025-04-17 10:15:07,116.37,116.44
2025-04-17 10:15:08,116.34,116.44
2025-04-17 10:15:09,116.34,116.42
2025-04-17 10:15:10,116.34,116.44
2025-04-17 10:15:12,116.37,116.47
2025-04-17 10:15:13,116.39,116.47
2025-04-17 10:15:17,116.39,116.49
2025-04-17 10:15:18,116.39,116.46
2025-04-17 10:15:20,116.37,116.44
2025-04-17 10:15:28,116.37,116.46
2025-04-17 10:15:29,116.39,116.46
2025-04-17 10:15:30,116.39,116.49
2025-04-17 10:15:32,116.42,116.49
2025-04-17 10:15:38,116.42,116.51
2025-04-17 10:15:39,116.44,116.54
2025-04-17 10:15:40,116.47,116.54
2025-04-17 10:15:41,116.44,116.51
2025-04-17 10:15:42,116.44,116.53
2025-04-17 10:15:43,116.43,116.53
2025-04-17 10:15:44,116.43,116.51
2025-04-17 10:15:51,116.43,116.53
2025-04-17 10:15:52,116.46,116.53
2025-04-17 10:15:59,116.46,116.56
2025-04-17 10:16:00,116.46,116.53
2025-04-17 10:16:03,116.41,116.51
2025-04-17 10:16:04,116.39,116.46
2025-04-17 10:16:04,116.39,116.49
2025-04-17 10:16:05,116.41,116.49
2025-04-17 10:16:10,116.41,116.51
2025-04-17 10:16:11,116.44,116.51
2025-04-17 10:16:15,116.41,116.51
2025-04-17 10:16:16,116.39,116.49
2025-04-17 10:16:17,116.41,116.48
2025-04-17 10:16:18,116.41,116.46
2025-04-17 10:16:19,116.34,116.41
2025-04-17 10:16:22,116.34,116.44
2025-04-17 10:16:23,116.36,116.44
2025-04-17 10:16:24,116.34,116.44
2025-04-17 10:16:25,116.36,116.44
2025-04-17 10:16:28,116.36,116.46
2025-04-17 10:16:29,116.44,116.51
2025-04-17 10:16:30,116.43,116.53
2025-04-17 10:16:32,116.46,116.53
2025-04-17 10:16:34,116.46,116.56
2025-04-17 10:16:35,116.48,116.58
2025-04-17 10:16:37,116.46,116.53
2025-04-17 10:16:38,116.46,116.56
2025-04-17 10:16:39,116.49,116.56
2025-04-17 10:16:41,116.49,116.57
2025-04-17 10:16:42,116.52,116.59
2025-04-17 10:16:44,116.5,116.6
2025-04-17 10:16:44,116.5,116.57
2025-04-17 10:16:47,116.5,116.54
2025-04-17 10:16:48,116.47,116.57
2025-04-17 10:16:50,116.5,116.57
2025-04-17 10:16:52,116.52,116.59
2025-04-17 10:16:54,116.55,116.62
2025-04-17 10:16:56,116.55,116.64
2025-04-17 10:16:57,116.57,116.64
2025-04-17 10:16:57,116.57,116.67
2025-04-17 10:16:58,116.57,116.64
2025-04-17 10:17:00,116.54,116.62
2025-04-17 10:17:01,116.52,116.62
2025-04-17 10:17:02,116.55,116.62
2025-04-17 10:17:03,116.57,116.64
2025-04-17 10:17:05,116.57,116.67
2025-04-17 10:17:06,116.57,116.64
2025-04-17 10:17:08,116.47,116.57
2025-04-17 10:17:10,116.47,116.54
2025-04-17 10:17:12,116.47,116.52
2025-04-17 10:17:13,116.43,116.5
2025-04-17 10:17:14,116.45,116.55
2025-04-17 10:17:15,116.47,116.54
2025-04-17 10:17:16,116.47,116.57
2025-04-17 10:17:17,116.5,116.57
2025-04-17 10:17:19,116.47,116.57
2025-04-17 10:17:23,116.47,116.54
2025-04-17 10:17:24,116.45,116.55
2025-04-17 10:17:26,116.47,116.55
2025-04-17 10:17:27,116.45,116.55
2025-04-17 10:17:28,116.47,116.54
2025-04-17 10:17:32,116.47,116.57
2025-04-17 10:17:34,116.47,116.54
2025-04-17 10:17:35,116.47,116.57
2025-04-17 10:17:36,116.47,116.54
2025-04-17 10:17:37,116.47,116.55
2025-04-17 10:17:38,116.45,116.52
2025-04-17 10:17:39,116.42,116.52
2025-04-17 10:17:42,116.43,116.5
2025-04-17 10:17:43,116.41,116.51
2025-04-17 10:17:44,116.43,116.51
2025-04-17 10:17:45,116.41,116.48
2025-04-17 10:17:46,116.41,116.5
2025-04-17 10:17:47,116.43,116.53
2025-04-17 10:17:48,116.46,116.53
2025-04-17 10:17:49,116.43,116.5
2025-04-17 10:17:52,116.45,116.55
2025-04-17 10:17:53,116.48,116.55
2025-04-17 10:17:54,116.45,116.55
2025-04-17 10:17:55,116.45,116.53
2025-04-17 10:17:56,116.48,116.55
2025-04-17 10:17:57,116.45,116.55
2025-04-17 10:17:58,116.45,116.53
2025-04-17 10:17:59,116.46,116.53
2025-04-17 10:18:00,116.48,116.55
2025-04-17 10:18:02,116.5,116.58
2025-04-17 10:18:03,116.51,116.58
2025-04-17 10:18:04,116.5,116.6
2025-04-17 10:18:05,116.48,116.55
2025-04-17 10:18:07,116.45,116.53
2025-04-17 10:18:08,116.43,116.5
2025-04-17 10:18:09,116.41,116.51
2025-04-17 10:18:10,116.43,116.51
2025-04-17 10:18:11,116.43,116.53
2025-04-17 10:18:12,116.41,116.51
2025-04-17 10:18:14,116.38,116.48
2025-04-17 10:18:16,116.41,116.51
2025-04-17 10:18:17,116.43,116.53
2025-04-17 10:18:18,116.43,116.5
2025-04-17 10:18:24,116.43,116.53
2025-04-17 10:18:25,116.46,116.53
2025-04-17 10:18:27,116.5,116.6
2025-04-17 10:18:29,116.5,116.58
2025-04-17 10:18:30,116.51,116.58
2025-04-17 10:18:32,116.5,116.58
2025-04-17 10:18:33,116.48,116.58
2025-04-17 10:18:34,116.48,116.55
2025-04-17 10:18:38,116.48,116.58
2025-04-17 10:18:39,116.5,116.58
2025-04-17 10:18:41,116.52,116.59
2025-04-17 10:18:42,116.52,116.62
2025-04-17 10:18:44,116.52,116.59
2025-04-17 10:18:46,116.49,116.56
2025-04-17 10:18:47,116.49,116.62
2025-04-17 10:18:48,116.52,116.62
2025-04-17 10:18:50,116.52,116.59
2025-04-17 10:18:52,116.52,116.62
2025-04-17 10:18:53,116.52,116.59
2025-04-17 10:18:54,116.52,116.62
2025-04-17 10:18:55,116.56,116.66
2025-04-17 10:18:56,116.59,116.66
2025-04-17 10:18:57,116.59,116.69
2025-04-17 10:18:58,116.61,116.71
2025-04-17 10:18:59,116.59,116.69
2025-04-17 10:19:00,116.59,116.66
2025-04-17 10:19:01,116.59,116.69
2025-04-17 10:19:02,116.59,116.66
2025-04-17 10:19:03,116.56,116.66
2025-04-17 10:19:05,116.59,116.66
2025-04-17 10:19:06,116.59,116.64
2025-04-17 10:19:07,116.56,116.64
2025-04-17 10:19:08,116.54,116.61
2025-04-17 10:19:09,116.54,116.64
2025-04-17 10:19:10,116.57,116.64
2025-04-17 10:19:12,116.54,116.64
2025-04-17 10:19:13,116.57,116.64
2025-04-17 10:19:24,116.57,116.66
2025-04-17 10:19:25,116.59,116.66
2025-04-17 10:19:27,116.59,116.69
2025-04-17 10:19:28,116.59,116.66
2025-04-17 10:19:29,116.59,116.69
2025-04-17 10:19:30,116.62,116.69
2025-04-17 10:19:32,116.57,116.64
2025-04-17 10:19:35,116.54,116.64
2025-04-17 10:19:36,116.54,116.61
2025-04-17 10:19:37,116.54,116.64
2025-04-17 10:19:37,116.49,116.59
2025-04-17 10:19:38,116.28,116.38
2025-04-17 10:19:39,116.28,116.35
2025-04-17 10:19:40,116.24,116.31
2025-04-17 10:19:41,116.19,116.29
2025-04-17 10:19:44,116.21,116.29
2025-04-17 10:19:44,116.21,116.31
2025-04-17 10:19:45,116.24,116.31
2025-04-17 10:19:47,116.21,116.31
2025-04-17 10:19:49,116.21,116.28
2025-04-17 10:19:50,116.21,116.29
2025-04-17 10:19:51,116.21,116.31
2025-04-17 10:19:52,116.24,116.31
2025-04-17 10:19:53,116.24,116.33
2025-04-17 10:19:54,116.29,116.36
2025-04-17 10:19:55,116.26,116.33
2025-04-17 10:19:57,116.26,116.36
2025-04-17 10:19:59,116.29,116.36
2025-04-17 10:20:00,116.24,116.31
2025-04-17 10:20:01,116.21,116.28
2025-04-17 10:20:04,116.21,116.29
2025-04-17 10:20:07,116.19,116.29
2025-04-17 10:20:08,116.21,116.29
2025-04-17 10:20:09,116.24,116.31
2025-04-17 10:20:11,116.21,116.33
2025-04-17 10:20:12,116.23,116.33
2025-04-17 10:20:13,116.23,116.31
2025-04-17 10:20:15,116.23,116.33
2025-04-17 10:20:16,116.26,116.33
2025-04-17 10:20:17,116.26,116.31
2025-04-17 10:20:18,116.23,116.33
2025-04-17 10:20:21,116.31,116.38
2025-04-17 10:20:23,116.28,116.36
2025-04-17 10:20:24,116.28,116.38
2025-04-17 10:20:25,116.29,116.36
2025-04-17 10:20:26,116.33,116.4
2025-04-17 10:20:27,116.33,116.43
2025-04-17 10:20:28,116.31,116.41
2025-04-17 10:20:29,116.29,116.36
2025-04-17 10:20:30,116.28,116.38
2025-04-17 10:20:31,116.28,116.36
2025-04-17 10:20:32,116.24,116.31
2025-04-17 10:20:34,116.23,116.31
2025-04-17 10:20:37,116.26,116.33
2025-04-17 10:20:38,116.21,116.31
2025-04-17 10:20:40,116.21,116.28
2025-04-17 10:20:41,116.19,116.26
2025-04-17 10:20:42,116.17,116.24
2025-04-17 10:20:43,116.17,116.27
2025-04-17 10:20:45,116.19,116.27
2025-04-17 10:20:46,116.19,116.29
2025-04-17 10:20:47,116.22,116.29
2025-04-17 10:20:50,116.19,116.29
2025-04-17 10:20:51,116.19,116.26
2025-04-17 10:20:52,116.15,116.22
2025-04-17 10:20:53,116.17,116.24
2025-04-17 10:20:54,116.14,116.24
2025-04-17 10:20:56,116.14,116.22
2025-04-17 10:20:57,116.14,116.24
2025-04-17 10:20:58,116.14,116.22
2025-04-17 10:21:04,116.12,116.22
2025-04-17 10:21:05,116.12,116.19
2025-04-17 10:21:06,116.09,116.19
2025-04-17 10:21:07,116.12,116.19
2025-04-17 10:21:10,116.12,116.22
2025-04-17 10:21:12,116.15,116.22
2025-04-17 10:21:15,116.15,116.19
2025-04-17 10:21:16,116.09,116.19
2025-04-17 10:21:17,116.05,116.15
2025-04-17 10:21:20,116.07,116.15
2025-04-17 10:21:21,116.07,116.17
2025-04-17 10:21:22,116.1,116.17
2025-04-17 10:21:23,116.09,116.17
2025-04-17 10:21:24,116.09,116.19
2025-04-17 10:21:25,116.09,116.17
2025-04-17 10:21:28,116.09,116.14
2025-04-17 10:21:29,116.07,116.14
2025-04-17 10:21:30,116.07,116.15
2025-04-17 10:21:31,116.02,116.09
2025-04-17 10:21:32,115.98,116.05
2025-04-17 10:21:36,115.97,116.05
2025-04-17 10:21:38,115.97,116.02
2025-04-17 10:21:39,115.98,116.05
2025-04-17 10:21:39,116.0,116.1
2025-04-17 10:21:43,116.0,116.07
2025-04-17 10:21:46,116.0,116.02
2025-04-17 10:21:47,115.95,116.05
2025-04-17 10:21:49,116.0,116.08
2025-04-17 10:21:51,115.95,116.05
2025-04-17 10:21:52,115.98,116.05
2025-04-17 10:21:53,115.95,116.05
2025-04-17 10:21:54,115.98,116.05
2025-04-17 10:21:56,116.0,116.07
2025-04-17 10:21:58,116.0,116.1
2025-04-17 10:22:00,116.03,116.1
2025-04-17 10:22:02,116.02,116.1
2025-04-17 10:22:05,116.05,116.12
2025-04-17 10:22:06,116.07,116.17
2025-04-17 10:22:07,116.1,116.17
2025-04-17 10:22:08,116.07,116.15
2025-04-17 10:22:09,116.07,116.17
2025-04-17 10:22:12,116.05,116.15
2025-04-17 10:22:13,116.07,116.15
2025-04-17 10:22:14,116.1,116.17
2025-04-17 10:22:15,116.07,116.17
2025-04-17 10:22:16,116.1,116.17
2025-04-17 10:22:19,116.12,116.2
2025-04-17 10:22:20,116.12,116.22
2025-04-17 10:22:21,116.15,116.22
2025-04-17 10:22:23,116.15,116.25
2025-04-17 10:22:24,116.15,116.22
2025-04-17 10:22:25,116.15,116.25
2025-04-17 10:22:26,116.2,116.27
2025-04-17 10:22:27,116.2,116.24
2025-04-17 10:22:28,116.17,116.25
2025-04-17 10:22:29,116.17,116.27
2025-04-17 10:22:31,116.17,116.24
2025-04-17 10:22:32,116.17,116.27
2025-04-17 10:22:33,116.2,116.27
2025-04-17 10:22:34,116.25,116.32
2025-04-17 10:22:35,116.2,116.27
2025-04-17 10:22:41,116.2,116.28
2025-04-17 10:22:43,116.18,116.28
2025-04-17 10:22:44,116.21,116.28
2025-04-17 10:22:50,116.21,116.25
2025-04-17 10:22:51,116.18,116.28
2025-04-17 10:22:55,116.21,116.28
2025-04-17 10:22:56,116.2,116.28
2025-04-17 10:22:57,116.21,116.28
2025-04-17 10:23:02,116.18,116.28
2025-04-17 10:23:03,116.18,116.25
2025-04-17 10:23:04,116.18,116.28
2025-04-17 10:23:05,116.15,116.25
2025-04-17 10:23:06,116.16,116.23
2025-04-17 10:23:07,116.15,116.23
2025-04-17 10:23:08,116.18,116.25
2025-04-17 10:23:10,116.18,116.28
2025-04-17 10:23:11,116.16,116.23
2025-04-17 10:23:13,116.16,116.25
2025-04-17 10:23:14,116.15,116.23
2025-04-17 10:23:15,116.15,116.25
2025-04-17 10:23:16,116.18,116.25
2025-04-17 10:23:17,116.18,116.28
2025-04-17 10:23:18,116.21,116.28
2025-04-17 10:23:19,116.18,116.25
2025-04-17 10:23:20,116.18,116.23
2025-04-17 10:23:21,116.15,116.23
2025-04-17 10:23:23,116.13,116.2
2025-04-17 10:23:24,116.13,116.23
2025-04-17 10:23:25,116.11,116.21
2025-04-17 10:23:26,116.13,116.21
2025-04-17 10:23:27,116.13,116.18
2025-04-17 10:23:28,116.06,116.13
2025-04-17 10:23:30,116.08,116.16
2025-04-17 10:23:31,116.06,116.13
2025-04-17 10:23:32,116.08,116.16
2025-04-17 10:23:33,116.11,116.18
2025-04-17 10:23:34,116.08,116.18
2025-04-17 10:23:37,116.11,116.18
2025-04-17 10:23:38,116.08,116.18
2025-04-17 10:23:39,116.08,116.15
2025-04-17 10:23:40,116.08,116.18
2025-04-17 10:23:42,116.09,116.19
2025-04-17 10:23:43,116.11,116.19
2025-04-17 10:23:44,116.11,116.21
2025-04-17 10:23:46,116.11,116.18
2025-04-17 10:23:47,116.14,116.21
2025-04-17 10:23:48,116.13,116.21
2025-04-17 10:23:49,116.11,116.18
2025-04-17 10:23:50,116.11,116.21
2025-04-17 10:23:52,116.11,116.18
2025-04-17 10:23:59,116.11,116.21
2025-04-17 10:24:00,116.14,116.21
2025-04-17 10:24:01,116.16,116.23
2025-04-17 10:24:02,116.13,116.23
2025-04-17 10:24:03,116.11,116.18
2025-04-17 10:24:04,116.14,116.21
2025-04-17 10:24:07,116.16,116.23
2025-04-17 10:24:08,116.16,116.21
2025-04-17 10:24:09,116.16,116.23
2025-04-17 10:24:10,116.13,116.23
2025-04-17 10:24:12,116.13,116.21
2025-04-17 10:24:13,116.11,116.21
2025-04-17 10:24:14,116.09,116.16
2025-04-17 10:24:15,116.09,116.19
2025-04-17 10:24:16,116.09,116.16
2025-04-17 10:24:17,116.11,116.18
2025-04-17 10:24:19,116.11,116.16
2025-04-17 10:24:20,116.11,116.19
2025-04-17 10:24:21,116.13,116.21
2025-04-17 10:24:22,116.13,116.23
2025-04-17 10:24:24,116.16,116.23
2025-04-17 10:24:25,116.13,116.23
2025-04-17 10:24:26,116.13,116.21
2025-04-17 10:24:29,116.13,116.18
2025-04-17 10:24:30,116.11,116.18
2025-04-17 10:24:31,116.09,116.16
2025-04-17 10:24:32,116.09,116.19
2025-04-17 10:24:34,116.09,116.16
2025-04-17 10:24:35,116.06,116.16
2025-04-17 10:24:37,116.04,116.14
2025-04-17 10:24:38,116.04,116.11
2025-04-17 10:24:40,116.04,116.13
2025-04-17 10:24:41,116.08,116.15
2025-04-17 10:24:42,116.1,116.17
2025-04-17 10:24:44,116.07,116.17
2025-04-17 10:24:45,116.1,116.17
2025-04-17 10:24:46,116.07,116.15
2025-04-17 10:24:47,116.07,116.17
2025-04-17 10:24:49,116.1,116.17
2025-04-17 10:24:50,116.12,116.22
2025-04-17 10:24:51,116.15,116.25
2025-04-17 10:24:52,116.15,116.22
2025-04-17 10:24:54,116.17,116.25
2025-04-17 10:24:57,116.17,116.27
2025-04-17 10:24:59,116.1,116.2
2025-04-17 10:24:59,116.12,116.2
2025-04-17 10:25:00,116.12,116.19
2025-04-17 10:25:02,116.12,116.2
2025-04-17 10:25:05,116.1,116.17
2025-04-17 10:25:06,116.1,116.19
2025-04-17 10:25:07,116.12,116.19
2025-04-17 10:25:16,116.12,116.22
2025-04-17 10:25:17,116.12,116.19
2025-04-17 10:25:19,116.1,116.17
2025-04-17 10:25:21,116.1,116.15
2025-04-17 10:25:22,116.07,116.15
2025-04-17 10:25:25,116.07,116.17
2025-04-17 10:25:26,116.1,116.17
2025-04-17 10:25:27,116.1,116.19
2025-04-17 10:25:28,116.12,116.19
2025-04-17 10:25:33,116.12,116.22
2025-04-17 10:25:34,116.17,116.24
2025-04-17 10:25:37,116.17,116.27
2025-04-17 10:25:38,116.2,116.27
2025-04-17 10:25:40,116.22,116.29
2025-04-17 10:25:41,116.22,116.3
2025-04-17 10:25:42,116.2,116.3
2025-04-17 10:25:45,116.23,116.3
2025-04-17 10:25:46,116.25,116.32
2025-04-17 10:25:52,116.25,116.35
2025-04-17 10:25:53,116.35,116.42
2025-04-17 10:25:55,116.38,116.45
2025-04-17 10:25:56,116.4,116.47
2025-04-17 10:25:57,116.42,116.49
2025-04-17 10:25:58,116.42,116.52
2025-04-17 10:25:59,116.45,116.52
2025-04-17 10:26:02,116.45,116.55
2025-04-17 10:26:03,116.45,116.52
2025-04-17 10:26:04,116.47,116.55
2025-04-17 10:26:05,116.47,116.57
2025-04-17 10:26:07,116.49,116.59
2025-04-17 10:26:07,116.52,116.59
2025-04-17 10:26:10,116.52,116.57
2025-04-17 10:26:11,116.45,116.52
2025-04-17 10:26:12,116.47,116.54
2025-04-17 10:26:12,116.45,116.55
2025-04-17 10:26:13,116.47,116.55
2025-04-17 10:26:14,116.47,116.57
2025-04-17 10:26:16,116.45,116.55
2025-04-17 10:26:17,116.47,116.55
2025-04-17 10:26:18,116.47,116.52
2025-04-17 10:26:19,116.45,116.52
2025-04-17 10:26:27,116.45,116.54
2025-04-17 10:26:28,116.38,116.45
2025-04-17 10:26:30,116.35,116.45
2025-04-17 10:26:31,116.35,116.42
2025-04-17 10:26:33,116.35,116.45
2025-04-17 10:26:34,116.37,116.45
2025-04-17 10:26:35,116.35,116.42
2025-04-17 10:26:37,116.3,116.4
2025-04-17 10:26:37,116.3,116.37
2025-04-17 10:26:39,116.3,116.4
2025-04-17 10:26:40,116.3,116.37
2025-04-17 10:26:41,116.33,116.4
2025-04-17 10:26:44,116.33,116.42
2025-04-17 10:26:45,116.32,116.42
2025-04-17 10:26:46,116.32,116.4
2025-04-17 10:26:47,116.3,116.4
2025-04-17 10:26:48,116.32,116.42
2025-04-17 10:26:49,116.32,116.4
2025-04-17 10:26:51,116.38,116.45
2025-04-17 10:26:52,116.35,116.42
2025-04-17 10:26:56,116.35,116.4
2025-04-17 10:26:58,116.33,116.4
2025-04-17 10:26:59,116.33,116.42
2025-04-17 10:26:59,116.35,116.42
2025-04-17 10:27:01,116.35,116.45
2025-04-17 10:27:02,116.4,116.47
2025-04-17 10:27:06,116.4,116.45
2025-04-17 10:27:07,116.37,116.47
2025-04-17 10:27:08,116.37,116.45
2025-04-17 10:27:12,116.37,116.47
2025-04-17 10:27:15,116.37,116.45
2025-04-17 10:27:16,116.35,116.45
2025-04-17 10:27:18,116.38,116.45
2025-04-17 10:27:19,116.35,116.45
2025-04-17 10:27:21,116.38,116.45
2025-04-17 10:27:24,116.38,116.42
2025-04-17 10:27:25,116.35,116.42
2025-04-17 10:27:26,116.35,116.45
2025-04-17 10:27:29,116.35,116.42
2025-04-17 10:27:30,116.35,116.45
2025-04-17 10:27:31,116.4,116.47
2025-04-17 10:27:32,116.4,116.5
2025-04-17 10:27:33,116.4,116.47
2025-04-17 10:27:35,116.37,116.47
2025-04-17 10:27:36,116.37,116.45
2025-04-17 10:27:40,116.37,116.47
2025-04-17 10:27:41,116.48,116.55
2025-04-17 10:27:43,116.45,116.55
2025-04-17 10:27:44,116.48,116.55
2025-04-17 10:27:48,116.48,116.57
2025-04-17 10:27:49,116.53,116.6
2025-04-17 10:27:52,116.53,116.57
2025-04-17 10:27:53,116.5,116.57
2025-04-17 10:27:54,116.5,116.6
2025-04-17 10:27:56,116.53,116.6
2025-04-17 10:28:00,116.53,116.65
2025-04-17 10:28:01,116.55,116.62
2025-04-17 10:28:02,116.55,116.64
2025-04-17 10:28:03,116.57,116.64
2025-04-17 10:28:05,116.57,116.62
2025-04-17 10:28:06,116.52,116.62
2025-04-17 10:28:08,116.55,116.62
2025-04-17 10:28:10,116.52,116.62
2025-04-17 10:28:12,116.55,116.62
2025-04-17 10:28:15,116.52,116.62
2025-04-17 10:28:16,116.5,116.6
2025-04-17 10:28:17,116.53,116.6
2025-04-17 10:28:22,116.53,116.62
2025-04-17 10:28:23,116.53,116.6
2025-04-17 10:28:26,116.53,116.62
2025-04-17 10:28:27,116.52,116.6
2025-04-17 10:28:28,116.55,116.62
2025-04-17 10:28:30,116.55,116.65
2025-04-17 10:28:31,116.57,116.65
2025-04-17 10:28:32,116.57,116.62
2025-04-17 10:28:33,116.57,116.64
2025-04-17 10:28:40,116.57,116.62
2025-04-17 10:28:41,116.55,116.62
2025-04-17 10:28:42,116.58,116.65
2025-04-17 10:28:47,116.58,116.67
2025-04-17 10:28:48,116.6,116.67
2025-04-17 10:28:50,116.6,116.7
2025-04-17 10:28:51,116.65,116.72
2025-04-17 10:28:55,116.65,116.7
2025-04-17 10:28:56,116.62,116.7
2025-04-17 10:28:57,116.6,116.7
2025-04-17 10:28:58,116.6,116.67
2025-04-17 10:29:00,116.58,116.65
2025-04-17 10:29:02,116.55,116.62
2025-04-17 10:29:03,116.58,116.65
2025-04-17 10:29:04,116.65,116.72
2025-04-17 10:29:05,116.67,116.77
2025-04-17 10:29:05,116.7,116.8
2025-04-17 10:29:06,116.67,116.77
2025-04-17 10:29:09,116.67,116.75
2025-04-17 10:29:10,116.7,116.77
2025-04-17 10:29:12,116.72,116.82
2025-04-17 10:29:13,116.75,116.82
2025-04-17 10:29:14,116.72,116.82
2025-04-17 10:29:16,116.72,116.79
2025-04-17 10:29:17,116.7,116.77
2025-04-17 10:29:18,116.68,116.75
2025-04-17 10:29:19,116.65,116.72
2025-04-17 10:29:20,116.62,116.72
2025-04-17 10:29:21,116.62,116.7
2025-04-17 10:29:22,116.65,116.72
2025-04-17 10:29:23,116.63,116.7
2025-04-17 10:29:24,116.6,116.67
2025-04-17 10:29:25,116.58,116.65
2025-04-17 10:29:26,116.55,116.62
2025-04-17 10:29:28,116.55,116.65
2025-04-17 10:29:29,116.6,116.67
2025-04-17 10:29:33,116.6,116.7
2025-04-17 10:29:34,116.65,116.72
2025-04-17 10:29:34,116.68,116.75
2025-04-17 10:29:35,116.65,116.72
2025-04-17 10:29:38,116.65,116.75
2025-04-17 10:29:41,116.65,116.76
2025-04-17 10:29:42,116.65,116.73
2025-04-17 10:29:44,116.63,116.71
2025-04-17 10:29:45,116.63,116.73
2025-04-17 10:29:47,116.64,116.71
2025-04-17 10:29:48,116.61,116.68
2025-04-17 10:29:49,116.61,116.71
2025-04-17 10:29:51,116.61,116.68
2025-04-17 10:29:52,116.64,116.71
2025-04-17 10:29:53,116.61,116.68
2025-04-17 10:29:57,116.61,116.66
2025-04-17 10:29:59,116.56,116.63
2025-04-17 10:30:00,116.59,116.66
2025-04-17 10:30:01,116.56,116.63
2025-04-17 10:30:01,116.56,116.64
2025-04-17 10:30:05,116.56,116.61
2025-04-17 10:30:06,116.51,116.58
2025-04-17 10:30:08,116.51,116.59
2025-04-17 10:30:08,116.49,116.59
2025-04-17 10:30:09,116.49,116.56
2025-04-17 10:30:11,116.46,116.56
2025-04-17 10:30:12,116.49,116.56
2025-04-17 10:30:15,116.49,116.59
2025-04-17 10:30:16,116.49,116.56
2025-04-17 10:30:18,116.56,116.63
2025-04-17 10:30:19,116.56,116.66
2025-04-17 10:30:21,116.59,116.66
2025-04-17 10:30:22,116.58,116.68
2025-04-17 10:30:23,116.58,116.66
2025-04-17 10:30:24,116.58,116.68
2025-04-17 10:30:25,116.58,116.66
2025-04-17 10:30:26,116.56,116.63
2025-04-17 10:30:26,116.49,116.59
2025-04-17 10:30:28,116.51,116.59
2025-04-17 10:30:29,116.56,116.63
2025-04-17 10:30:30,116.61,116.68
2025-04-17 10:30:31,116.56,116.66
2025-04-17 10:30:32,116.59,116.66
2025-04-17 10:30:33,116.61,116.68
2025-04-17 10:30:33,116.66,116.73
2025-04-17 10:30:35,116.69,116.76
2025-04-17 10:30:37,116.66,116.76
2025-04-17 10:30:38,116.69,116.76
2025-04-17 10:30:39,116.71,116.81
2025-04-17 10:30:41,116.69,116.76
2025-04-17 10:30:43,116.67,116.74
2025-04-17 10:30:46,116.67,116.71
2025-04-17 10:30:47,116.6,116.67
2025-04-17 10:30:48,116.57,116.64
2025-04-17 10:30:49,116.6,116.67
2025-04-17 10:30:50,116.59,116.67
2025-04-17 10:30:53,116.59,116.64
2025-04-17 10:30:54,116.55,116.62
2025-04-17 10:30:55,116.57,116.64
2025-04-17 10:30:56,116.54,116.62
2025-04-17 10:30:58,116.54,116.59
2025-04-17 10:30:59,116.52,116.59
2025-04-17 10:31:00,116.47,116.54
2025-04-17 10:31:02,116.47,116.52
2025-04-17 10:31:03,116.47,116.57
2025-04-17 10:31:04,116.47,116.54
2025-04-17 10:31:05,116.47,116.57
2025-04-17 10:31:06,116.47,116.54
2025-04-17 10:31:09,116.47,116.57
2025-04-17 10:31:10,116.5,116.57
2025-04-17 10:31:11,116.47,116.54
2025-04-17 10:31:12,116.47,116.55
2025-04-17 10:31:13,116.42,116.52
2025-04-17 10:31:15,116.47,116.54
2025-04-17 10:31:17,116.45,116.55
2025-04-17 10:31:18,116.47,116.55
2025-04-17 10:31:19,116.45,116.55
2025-04-17 10:31:20,116.45,116.52
2025-04-17 10:31:22,116.45,116.59
2025-04-17 10:31:23,116.45,116.55
2025-04-17 10:31:24,116.47,116.55
2025-04-17 10:31:25,116.45,116.55
2025-04-17 10:31:26,116.47,116.55
2025-04-17 10:31:28,116.47,116.57
2025-04-17 10:31:32,116.5,116.57
2025-04-17 10:31:32,116.47,116.57
2025-04-17 10:31:33,116.47,116.54
2025-04-17 10:31:35,116.47,116.52
2025-04-17 10:31:36,116.45,116.55
2025-04-17 10:31:37,116.47,116.55
2025-04-17 10:31:40,116.47,116.52
2025-04-17 10:31:41,116.42,116.52
2025-04-17 10:31:42,116.45,116.52
2025-04-17 10:31:43,116.45,116.5
2025-04-17 10:31:44,116.4,116.5
2025-04-17 10:31:45,116.45,116.52
2025-04-17 10:31:47,116.45,116.55
2025-04-17 10:31:49,116.47,116.55
2025-04-17 10:31:50,116.47,116.52
2025-04-17 10:31:52,116.45,116.52
2025-04-17 10:31:54,116.42,116.52
2025-04-17 10:31:55,116.42,116.5
2025-04-17 10:31:58,116.42,116.52
2025-04-17 10:31:59,116.42,116.5
2025-04-17 10:32:04,116.42,116.47
2025-04-17 10:32:06,116.43,116.5
2025-04-17 10:32:08,116.5,116.6
2025-04-17 10:32:08,116.52,116.6
2025-04-17 10:32:09,116.5,116.57
2025-04-17 10:32:11,116.47,116.57
2025-04-17 10:32:12,116.5,116.57
2025-04-17 10:32:13,116.5,116.59
2025-04-17 10:32:14,116.54,116.64
2025-04-17 10:32:15,116.54,116.62
2025-04-17 10:32:16,116.54,116.64
2025-04-17 10:32:18,116.57,116.64
2025-04-17 10:32:18,116.57,116.62
2025-04-17 10:32:20,116.57,116.64
2025-04-17 10:32:21,116.57,116.62
2025-04-17 10:32:22,116.57,116.64
2025-04-17 10:32:24,116.57,116.62
2025-04-17 10:32:25,116.55,116.62
2025-04-17 10:32:26,116.57,116.64
2025-04-17 10:32:27,116.54,116.64
2025-04-17 10:32:29,116.54,116.62
2025-04-17 10:32:30,116.54,116.64
2025-04-17 10:32:31,116.52,116.59
2025-04-17 10:32:32,116.55,116.62
2025-04-17 10:32:33,116.5,116.6
2025-04-17 10:32:34,116.52,116.6
2025-04-17 10:32:37,116.52,116.62
2025-04-17 10:32:40,116.47,116.54
2025-04-17 10:32:41,116.4,116.47
2025-04-17 10:32:41,116.48,116.55
2025-04-17 10:32:42,116.48,116.56
2025-04-17 10:32:44,116.48,116.53
2025-04-17 10:32:45,116.48,116.55
2025-04-17 10:32:47,116.48,116.56
2025-04-17 10:32:49,116.48,116.53
2025-04-17 10:32:50,116.46,116.53
2025-04-17 10:32:55,116.46,116.56
2025-04-17 10:32:57,116.48,116.56
2025-04-17 10:32:58,116.56,116.63
2025-04-17 10:33:00,116.56,116.6
2025-04-17 10:33:01,116.56,116.63
2025-04-17 10:33:02,116.58,116.65
2025-04-17 10:33:03,116.58,116.68
2025-04-17 10:33:05,116.61,116.68
2025-04-17 10:33:06,116.6,116.7
2025-04-17 10:33:07,116.63,116.7
2025-04-17 10:33:08,116.58,116.65
2025-04-17 10:33:09,116.6,116.7
2025-04-17 10:33:11,116.63,116.7
2025-04-17 10:33:12,116.63,116.73
2025-04-17 10:33:13,116.58,116.68
2025-04-17 10:33:14,116.53,116.63
2025-04-17 10:33:15,116.53,116.6
2025-04-17 10:33:16,116.53,116.61
2025-04-17 10:33:17,116.51,116.61
2025-04-17 10:33:18,116.51,116.58
2025-04-17 10:33:21,116.46,116.56
2025-04-17 10:33:22,116.48,116.56
2025-04-17 10:33:23,116.48,116.58
2025-04-17 10:33:25,116.46,116.56
2025-04-17 10:33:26,116.48,116.56
2025-04-17 10:33:26,116.46,116.53
2025-04-17 10:33:28,116.43,116.53
2025-04-17 10:33:29,116.46,116.53
2025-04-17 10:33:30,116.43,116.53
2025-04-17 10:33:31,116.41,116.51
2025-04-17 10:33:32,116.43,116.51
2025-04-17 10:33:34,116.41,116.51
2025-04-17 10:33:35,116.41,116.48
2025-04-17 10:33:37,116.41,116.46
2025-04-17 10:33:38,116.41,116.48
2025-04-17 10:33:39,116.41,116.51
2025-04-17 10:33:39,116.43,116.5
2025-04-17 10:33:40,116.43,116.53
2025-04-17 10:33:41,116.4,116.48
2025-04-17 10:33:43,116.4,116.5
2025-04-17 10:33:44,116.4,116.48
2025-04-17 10:33:45,116.4,116.5
2025-04-17 10:33:45,116.4,116.48
2025-04-17 10:33:48,116.38,116.48
2025-04-17 10:33:49,116.38,116.45
2025-04-17 10:33:50,116.41,116.48
2025-04-17 10:33:52,116.38,116.48
2025-04-17 10:33:53,116.38,116.45
2025-04-17 10:33:54,116.38,116.48
2025-04-17 10:33:55,116.36,116.43
2025-04-17 10:33:56,116.38,116.45
2025-04-17 10:33:57,116.38,116.48
2025-04-17 10:33:58,116.38,116.45
2025-04-17 10:33:59,116.38,116.43
2025-04-17 10:34:00,116.36,116.43
2025-04-17 10:34:01,116.33,116.43
2025-04-17 10:34:02,116.36,116.43
2025-04-17 10:34:03,116.33,116.4
2025-04-17 10:34:04,116.31,116.38
2025-04-17 10:34:06,116.28,116.38
2025-04-17 10:34:07,116.31,116.38
2025-04-17 10:34:08,116.36,116.43
2025-04-17 10:34:10,116.41,116.48
2025-04-17 10:34:12,116.38,116.48
2025-04-17 10:34:15,116.38,116.45
2025-04-17 10:34:16,116.35,116.45
2025-04-17 10:34:17,116.38,116.45
2025-04-17 10:34:18,116.35,116.45
2025-04-17 10:34:20,116.35,116.48
2025-04-17 10:34:21,116.36,116.43
2025-04-17 10:34:22,116.35,116.45
2025-04-17 10:34:26,116.23,116.33
2025-04-17 10:34:27,116.23,116.31
2025-04-17 10:34:29,116.23,116.33
2025-04-17 10:34:30,116.23,116.31
2025-04-17 10:34:31,116.23,116.33
2025-04-17 10:34:32,116.23,116.31
2025-04-17 10:34:33,116.19,116.26
2025-04-17 10:34:35,116.18,116.28
2025-04-17 10:34:36,116.21,116.28
2025-04-17 10:34:40,116.21,116.31
2025-04-17 10:34:42,116.17,116.24
2025-04-17 10:34:43,116.14,116.21
2025-04-17 10:34:44,116.14,116.24
2025-04-17 10:34:45,116.14,116.21
2025-04-17 10:34:46,116.14,116.24
2025-04-17 10:34:47,116.14,116.21
2025-04-17 10:34:48,116.12,116.19
2025-04-17 10:34:49,116.09,116.19
2025-04-17 10:34:49,116.02,116.12
2025-04-17 10:34:53,116.04,116.12
2025-04-17 10:34:54,116.02,116.09
2025-04-17 10:34:55,116.02,116.12
2025-04-17 10:34:57,116.04,116.12
2025-04-17 10:34:58,116.02,116.12
2025-04-17 10:35:00,116.04,116.12
2025-04-17 10:35:01,116.04,116.14
2025-04-17 10:35:03,115.99,116.09
2025-04-17 10:35:04,115.99,116.06
2025-04-17 10:35:05,116.02,116.09
2025-04-17 10:35:07,115.99,116.06
2025-04-17 10:35:08,116.02,116.09
2025-04-17 10:35:09,116.02,116.06
2025-04-17 10:35:10,115.99,116.06
2025-04-17 10:35:11,115.99,116.09
2025-04-17 10:35:12,116.02,116.09
2025-04-17 10:35:13,115.99,116.09
2025-04-17 10:35:14,116.02,116.09
2025-04-17 10:35:16,116.02,116.12
2025-04-17 10:35:17,116.04,116.14
2025-04-17 10:35:19,116.07,116.14
2025-04-17 10:35:20,116.02,116.09
2025-04-17 10:35:21,116.02,116.11
2025-04-17 10:35:23,116.04,116.11
2025-04-17 10:35:24,116.02,116.12
2025-04-17 10:35:26,116.04,116.14
2025-04-17 10:35:27,116.07,116.14
2025-04-17 10:35:28,116.07,116.17
2025-04-17 10:35:29,116.07,116.14
2025-04-17 10:35:31,116.04,116.14
2025-04-17 10:35:31,116.07,116.17
2025-04-17 10:35:32,116.09,116.16
2025-04-17 10:35:33,116.09,116.14
2025-04-17 10:35:34,116.04,116.11
2025-04-17 10:35:37,116.04,116.14
2025-04-17 10:35:40,116.07,116.14
2025-04-17 10:35:41,116.09,116.16
2025-04-17 10:35:42,116.09,116.19
2025-04-17 10:35:44,116.11,116.19
2025-04-17 10:35:45,116.14,116.21
2025-04-17 10:35:46,116.13,116.23
2025-04-17 10:35:47,116.16,116.23
2025-04-17 10:35:48,116.13,116.23
2025-04-17 10:35:49,116.16,116.23
2025-04-17 10:35:52,116.19,116.26
2025-04-17 10:35:54,116.19,116.23
2025-04-17 10:35:55,116.19,116.26
2025-04-17 10:35:56,116.16,116.26
2025-04-17 10:35:57,116.16,116.23
2025-04-17 10:35:57,116.19,116.26
2025-04-17 10:36:01,116.19,116.28
2025-04-17 10:36:02,116.18,116.28
2025-04-17 10:36:04,116.21,116.31
2025-04-17 10:36:05,116.21,116.28
2025-04-17 10:36:06,116.21,116.31
2025-04-17 10:36:07,116.16,116.26
2025-04-17 10:36:08,116.19,116.26
2025-04-17 10:36:09,116.16,116.23
2025-04-17 10:36:11,116.16,116.26
2025-04-17 10:36:12,116.19,116.26
2025-04-17 10:36:13,116.19,116.28
2025-04-17 10:36:14,116.21,116.28
2025-04-17 10:36:15,116.23,116.3
2025-04-17 10:36:19,116.23,116.28
2025-04-17 10:36:20,116.21,116.28
2025-04-17 10:36:22,116.21,116.26
2025-04-17 10:36:23,116.19,116.26
2025-04-17 10:36:24,116.16,116.23
2025-04-17 10:36:25,116.16,116.26
2025-04-17 10:36:26,116.19,116.26
2025-04-17 10:36:28,116.19,116.28
2025-04-17 10:36:29,116.21,116.28
2025-04-17 10:36:30,116.18,116.28
2025-04-17 10:36:31,116.18,116.26
2025-04-17 10:36:32,116.16,116.26
2025-04-17 10:36:34,116.16,116.23
2025-04-17 10:36:35,116.13,116.23
2025-04-17 10:36:36,116.11,116.18
2025-04-17 10:36:40,116.11,116.21
2025-04-17 10:36:41,116.13,116.21
2025-04-17 10:36:50,116.13,116.23
2025-04-17 10:36:51,116.11,116.21
2025-04-17 10:36:52,116.13,116.21
2025-04-17 10:36:53,116.13,116.23
2025-04-17 10:36:55,116.18,116.25
2025-04-17 10:36:56,116.15,116.25
2025-04-17 10:36:58,116.18,116.25
2025-04-17 10:37:00,116.18,116.28
2025-04-17 10:37:01,116.16,116.23
2025-04-17 10:37:03,116.11,116.21
2025-04-17 10:37:04,116.11,116.18
2025-04-17 10:37:05,116.08,116.18
2025-04-17 10:37:10,116.08,116.15
2025-04-17 10:37:11,116.03,116.13
2025-04-17 10:37:13,116.01,116.11
2025-04-17 10:37:14,116.04,116.11
2025-04-17 10:37:15,116.03,116.13
2025-04-17 10:37:17,116.01,116.11
2025-04-17 10:37:19,116.01,116.13
2025-04-17 10:37:20,116.06,116.16
2025-04-17 10:37:21,116.06,116.13
2025-04-17 10:37:22,116.06,116.16
2025-04-17 10:37:23,116.06,116.13
2025-04-17 10:37:24,116.04,116.11
2025-04-17 10:37:26,116.04,116.13
2025-04-17 10:37:27,116.06,116.13
2025-04-17 10:37:28,116.03,116.11
2025-04-17 10:37:29,116.01,116.11
2025-04-17 10:37:30,116.04,116.11
2025-04-17 10:37:33,116.01,116.11
2025-04-17 10:37:34,116.01,116.08
2025-04-17 10:37:35,116.04,116.11
2025-04-17 10:37:36,116.01,116.11
2025-04-17 10:37:37,116.04,116.11
2025-04-17 10:37:38,116.03,116.13
2025-04-17 10:37:39,116.06,116.16
2025-04-17 10:37:41,116.06,116.19
2025-04-17 10:37:42,116.09,116.19
2025-04-17 10:37:45,116.09,116.16
2025-04-17 10:37:49,116.09,116.18
2025-04-17 10:37:50,116.11,116.21
2025-04-17 10:37:51,116.14,116.21
2025-04-17 10:37:53,116.09,116.16
2025-04-17 10:37:54,116.09,116.19
2025-04-17 10:37:55,116.11,116.19
2025-04-17 10:37:56,116.11,116.21
2025-04-17 10:37:58,116.11,116.18
2025-04-17 10:38:00,116.11,116.21
2025-04-17 10:38:01,116.14,116.21
2025-04-17 10:38:05,116.11,116.21
2025-04-17 10:38:06,116.14,116.21
2025-04-17 10:38:08,116.14,116.18
2025-04-17 10:38:09,116.02,116.09
2025-04-17 10:38:10,116.04,116.14
2025-04-17 10:38:12,116.07,116.14
2025-04-17 10:38:14,116.07,116.16
2025-04-17 10:38:15,116.06,116.16
2025-04-17 10:38:16,116.09,116.16
2025-04-17 10:38:18,116.06,116.16
2025-04-17 10:38:22,116.09,116.16
2025-04-17 10:38:23,116.11,116.19
2025-04-17 10:38:26,116.09,116.19
2025-04-17 10:38:27,116.11,116.19
2025-04-17 10:38:31,116.09,116.19
2025-04-17 10:38:32,116.11,116.18
2025-04-17 10:38:34,116.11,116.19
2025-04-17 10:38:36,116.11,116.21
2025-04-17 10:38:37,116.16,116.24
2025-04-17 10:38:39,116.14,116.21
2025-04-17 10:38:41,116.11,116.21
2025-04-17 10:38:42,116.11,116.18
2025-04-17 10:38:43,116.09,116.16
2025-04-17 10:38:44,116.06,116.16
2025-04-17 10:38:45,116.08,116.18
2025-04-17 10:38:46,116.11,116.18
2025-04-17 10:38:48,116.11,116.23
2025-04-17 10:38:49,116.13,116.23
2025-04-17 10:38:49,116.08,116.18
2025-04-17 10:38:51,116.11,116.18
2025-04-17 10:38:52,116.08,116.18
2025-04-17 10:38:53,116.08,116.16
2025-04-17 10:38:55,116.08,116.18
2025-04-17 10:38:56,116.09,116.16
2025-04-17 10:38:57,116.09,116.18
2025-04-17 10:38:58,116.11,116.18
2025-04-17 10:38:59,116.11,116.21
2025-04-17 10:39:01,116.11,116.18
2025-04-17 10:39:03,116.11,116.16
2025-04-17 10:39:04,116.06,116.13
2025-04-17 10:39:08,116.06,116.16
2025-04-17 10:39:10,116.09,116.16
2025-04-17 10:39:21,116.09,116.18
2025-04-17 10:39:22,116.11,116.18
2025-04-17 10:39:27,116.11,116.21
2025-04-17 10:39:28,116.11,116.18
2025-04-17 10:39:34,116.11,116.2
2025-04-17 10:39:35,116.13,116.23
2025-04-17 10:39:36,116.13,116.2
2025-04-17 10:39:38,116.13,116.18
2025-04-17 10:39:39,116.11,116.21
2025-04-17 10:39:41,116.13,116.21
2025-04-17 10:39:42,116.13,116.22
2025-04-17 10:39:43,116.14,116.22
2025-04-17 10:39:44,116.14,116.24
2025-04-17 10:39:45,116.14,116.21
2025-04-17 10:39:47,116.14,116.24
2025-04-17 10:39:47,116.14,116.21
2025-04-17 10:39:49,116.14,116.24
2025-04-17 10:39:50,116.07,116.17
2025-04-17 10:39:51,116.09,116.19
2025-04-17 10:39:52,116.07,116.17
2025-04-17 10:39:53,116.09,116.17
2025-04-17 10:39:54,116.09,116.16
2025-04-17 10:39:55,116.09,116.17
2025-04-17 10:39:56,116.09,116.14
2025-04-17 10:39:57,116.04,116.12
2025-04-17 10:39:58,116.04,116.14
2025-04-17 10:39:59,116.07,116.14
2025-04-17 10:40:00,116.04,116.14
2025-04-17 10:40:03,116.04,116.12
2025-04-17 10:40:04,116.07,116.14
2025-04-17 10:40:05,116.07,116.17
2025-04-17 10:40:07,116.05,116.14
2025-04-17 10:40:08,116.04,116.14
2025-04-17 10:40:11,116.04,116.12
2025-04-17 10:40:12,116.05,116.12
2025-04-17 10:40:14,116.02,116.09
2025-04-17 10:40:16,116.02,116.12
2025-04-17 10:40:17,116.02,116.09
2025-04-17 10:40:18,115.99,116.09
2025-04-17 10:40:19,115.99,116.07
2025-04-17 10:40:20,115.97,116.04
2025-04-17 10:40:21,115.97,116.07
2025-04-17 10:40:22,115.97,116.04
2025-04-17 10:40:23,115.97,116.02
2025-04-17 10:40:25,116.0,116.07
2025-04-17 10:40:26,116.02,116.09
2025-04-17 10:40:27,115.99,116.07
2025-04-17 10:40:29,115.99,116.09
2025-04-17 10:40:30,115.97,116.04
2025-04-17 10:40:32,115.97,116.07
2025-04-17 10:40:33,116.0,116.07
2025-04-17 10:40:38,116.0,116.09
2025-04-17 10:40:39,116.05,116.12
2025-04-17 10:40:40,116.05,116.14
2025-04-17 10:40:41,116.04,116.14
2025-04-17 10:40:42,116.04,116.11
2025-04-17 10:40:45,116.04,116.14
2025-04-17 10:40:47,116.04,116.11
2025-04-17 10:40:48,116.02,116.12
2025-04-17 10:40:49,116.04,116.12
2025-04-17 10:40:51,116.02,116.12
2025-04-17 10:40:52,116.04,116.12
2025-04-17 10:40:54,116.04,116.09
2025-04-17 10:40:55,115.99,116.06
2025-04-17 10:40:56,115.99,116.09
2025-04-17 10:40:57,115.99,116.06
2025-04-17 10:40:58,115.97,116.04
2025-04-17 10:40:59,115.97,116.07
2025-04-17 10:41:01,115.99,116.09
2025-04-17 10:41:03,116.02,116.09
2025-04-17 10:41:04,115.99,116.06
2025-04-17 10:41:05,115.99,116.09
2025-04-17 10:41:06,115.99,116.06
2025-04-17 10:41:11,115.99,116.09
2025-04-17 10:41:12,115.99,116.12
2025-04-17 10:41:13,116.02,116.09
2025-04-17 10:41:14,116.04,116.12
2025-04-17 10:41:15,116.02,116.09
2025-04-17 10:41:17,116.02,116.11
2025-04-17 10:41:18,116.04,116.14
2025-04-17 10:41:19,116.07,116.14
2025-04-17 10:41:20,116.04,116.11
2025-04-17 10:41:22,116.04,116.12
2025-04-17 10:41:23,116.04,116.14
2025-04-17 10:41:24,116.07,116.17
2025-04-17 10:41:26,116.07,116.14
2025-04-17 10:41:28,116.04,116.14
2025-04-17 10:41:29,115.99,116.06
2025-04-17 10:41:30,115.94,116.02
2025-04-17 10:41:31,115.89,115.99
2025-04-17 10:41:32,115.94,116.04
2025-04-17 10:41:33,115.97,116.07
2025-04-17 10:41:34,115.99,116.07
2025-04-17 10:41:35,115.99,116.04
2025-04-17 10:41:36,115.97,116.07
2025-04-17 10:41:37,115.97,116.04
2025-04-17 10:41:39,115.94,116.04
2025-04-17 10:41:40,115.97,116.04
2025-04-17 10:41:42,115.97,116.07
2025-04-17 10:41:43,115.97,116.04
2025-04-17 10:41:44,115.97,116.07
2025-04-17 10:41:45,115.97,116.04
2025-04-17 10:41:49,115.97,116.07
2025-04-17 10:41:50,116.0,116.07
2025-04-17 10:41:52,116.02,116.09
2025-04-17 10:42:00,115.99,116.09
2025-04-17 10:42:01,116.02,116.09
2025-04-17 10:42:03,116.02,116.12
2025-04-17 10:42:04,116.02,116.09
2025-04-17 10:42:05,116.0,116.07
2025-04-17 10:42:06,115.97,116.07
2025-04-17 10:42:06,116.0,116.07
2025-04-17 10:42:07,115.97,116.07
2025-04-17 10:42:09,115.97,116.04
2025-04-17 10:42:10,115.97,116.07
2025-04-17 10:42:11,115.92,115.99
2025-04-17 10:42:13,115.92,115.97
2025-04-17 10:42:14,115.9,115.97
2025-04-17 10:42:15,115.9,116.0
2025-04-17 10:42:17,115.9,115.97
2025-04-17 10:42:18,115.95,116.02
2025-04-17 10:42:19,115.95,116.04
2025-04-17 10:42:20,116.0,116.07
2025-04-17 10:42:20,115.94,116.04
2025-04-17 10:42:23,115.97,116.04
2025-04-17 10:42:24,115.97,116.07
2025-04-17 10:42:25,115.97,116.04
2025-04-17 10:42:26,115.97,116.07
2025-04-17 10:42:27,116.0,116.07
2025-04-17 10:42:28,116.02,116.09
2025-04-17 10:42:29,116.02,116.12
2025-04-17 10:42:30,116.04,116.12
2025-04-17 10:42:32,116.02,116.12
2025-04-17 10:42:33,116.04,116.12
2025-04-17 10:42:34,116.02,116.12
2025-04-17 10:42:35,116.04,116.14
2025-04-17 10:42:37,116.04,116.12
2025-04-17 10:42:40,116.04,116.14
2025-04-17 10:42:41,116.04,116.24
2025-04-17 10:42:42,116.14,116.21
2025-04-17 10:42:45,116.11,116.21
2025-04-17 10:42:46,116.14,116.21
2025-04-17 10:42:54,116.14,116.24
2025-04-17 10:42:55,116.16,116.26
2025-04-17 10:42:59,116.16,116.24
2025-04-17 10:43:00,116.11,116.21
2025-04-17 10:43:01,116.11,116.19
2025-04-17 10:43:05,116.11,116.16
2025-04-17 10:43:06,116.09,116.16
2025-04-17 10:43:07,116.09,116.19
2025-04-17 10:43:08,116.12,116.19
2025-04-17 10:43:09,116.11,116.19
2025-04-17 10:43:10,116.09,116.16
2025-04-17 10:43:12,116.06,116.16
2025-04-17 10:43:14,116.06,116.14
2025-04-17 10:43:23,116.06,116.16
2025-04-17 10:43:24,116.06,116.14
2025-04-17 10:43:29,116.06,116.16
2025-04-17 10:43:30,116.09,116.16
2025-04-17 10:43:31,116.06,116.16
2025-04-17 10:43:32,116.12,116.19
2025-04-17 10:43:34,116.12,116.21
2025-04-17 10:43:35,116.11,116.21
2025-04-17 10:43:36,116.09,116.16
2025-04-17 10:43:37,116.09,116.19
2025-04-17 10:43:38,116.12,116.19
2025-04-17 10:43:40,116.12,116.21
2025-04-17 10:43:41,116.11,116.19
2025-04-17 10:43:50,116.11,116.16
2025-04-17 10:43:51,116.04,116.14
2025-04-17 10:43:53,116.05,116.12
2025-04-17 10:43:54,116.07,116.14
2025-04-17 10:43:56,116.09,116.17
2025-04-17 10:43:57,116.07,116.17
2025-04-17 10:44:00,116.07,116.14
2025-04-17 10:44:04,116.07,116.12
2025-04-17 10:44:05,116.04,116.14
2025-04-17 10:44:07,116.04,116.12
2025-04-17 10:44:09,116.02,116.09
2025-04-17 10:44:10,116.05,116.12
2025-04-17 10:44:12,116.05,116.14
2025-04-17 10:44:13,116.04,116.14
2025-04-17 10:44:15,116.02,116.09
2025-04-17 10:44:18,116.02,116.07
2025-04-17 10:44:19,115.95,116.02
2025-04-17 10:44:21,115.92,116.02
2025-04-17 10:44:22,115.92,115.99
2025-04-17 10:44:23,115.92,116.0
2025-04-17 10:44:24,115.9,115.97
2025-04-17 10:44:32,115.9,115.94
2025-04-17 10:44:33,115.83,115.9
2025-04-17 10:44:34,115.83,115.87
2025-04-17 10:44:36,115.8,115.87
2025-04-17 10:44:37,115.83,115.9
2025-04-17 10:44:38,115.83,115.87
2025-04-17 10:44:39,115.75,115.82
2025-04-17 10:44:40,115.78,115.85
2025-04-17 10:44:41,115.77,115.87
2025-04-17 10:44:41,115.79,115.87
2025-04-17 10:44:42,115.74,115.81
2025-04-17 10:44:46,115.74,115.83
2025-04-17 10:44:47,115.74,115.84
2025-04-17 10:44:48,115.74,115.81
2025-04-17 10:44:53,115.74,115.83
2025-04-17 10:44:54,115.76,115.83
2025-04-17 10:44:55,115.74,115.84
2025-04-17 10:44:57,115.69,115.79
2025-04-17 10:44:58,115.72,115.79
2025-04-17 10:44:59,115.69,115.79
2025-04-17 10:45:01,115.69,115.76
2025-04-17 10:45:04,115.72,115.79
2025-04-17 10:45:05,115.69,115.76
2025-04-17 10:45:06,115.72,115.79
2025-04-17 10:45:07,115.69,115.79
2025-04-17 10:45:08,115.69,115.76
2025-04-17 10:45:09,115.64,115.71
2025-04-17 10:45:11,115.64,115.72
2025-04-17 10:45:12,115.57,115.67
2025-04-17 10:45:13,115.57,115.64
2025-04-17 10:45:15,115.57,115.67
2025-04-17 10:45:16,115.59,115.67
2025-04-17 10:45:17,115.62,115.69
2025-04-17 10:45:18,115.59,115.66
2025-04-17 10:45:19,115.64,115.72
2025-04-17 10:45:20,115.67,115.74
2025-04-17 10:45:21,115.69,115.76
2025-04-17 10:45:22,115.72,115.79
2025-04-17 10:45:23,115.74,115.81
2025-04-17 10:45:24,115.72,115.79
2025-04-17 10:45:25,115.74,115.81
2025-04-17 10:45:27,115.74,115.84
2025-04-17 10:45:29,115.74,115.81
2025-04-17 10:45:30,115.74,115.84
2025-04-17 10:45:31,115.76,115.84
2025-04-17 10:45:33,115.76,115.83
2025-04-17 10:45:35,115.76,115.81
2025-04-17 10:45:36,115.76,115.83
2025-04-17 10:45:38,115.74,115.84
2025-04-17 10:45:39,115.76,115.84
2025-04-17 10:45:41,115.76,115.79
2025-04-17 10:45:42,115.72,115.79
2025-04-17 10:45:45,115.72,115.81
2025-04-17 10:45:45,115.74,115.84
2025-04-17 10:45:48,115.74,115.81
2025-04-17 10:45:49,115.74,115.83
2025-04-17 10:45:50,115.74,115.81
2025-04-17 10:45:52,115.74,115.84
2025-04-17 10:45:54,115.74,115.81
2025-04-17 10:45:58,115.74,115.84
2025-04-17 10:45:59,115.76,115.84
2025-04-17 10:46:02,115.76,115.86
2025-04-17 10:46:04,115.79,115.86
2025-04-17 10:46:05,115.81,115.88
2025-04-17 10:46:07,115.81,115.91
2025-04-17 10:46:08,115.84,115.91
2025-04-17 10:46:13,115.84,115.93
2025-04-17 10:46:14,115.83,115.93
2025-04-17 10:46:15,115.86,115.93
2025-04-17 10:46:16,115.86,115.96
2025-04-17 10:46:17,115.86,115.93
2025-04-17 10:46:18,115.86,115.96
2025-04-17 10:46:21,115.86,115.93
2025-04-17 10:46:22,115.86,115.96
2025-04-17 10:46:23,115.89,115.96
2025-04-17 10:46:24,115.89,115.98
2025-04-17 10:46:25,115.91,115.98
2025-04-17 10:46:32,115.91,115.96
2025-04-17 10:46:33,115.86,115.93
2025-04-17 10:46:34,115.83,115.93
2025-04-17 10:46:35,115.86,115.93
2025-04-17 10:46:36,115.84,115.91
2025-04-17 10:46:37,115.81,115.91
2025-04-17 10:46:39,115.83,115.93
2025-04-17 10:46:40,115.86,115.93
2025-04-17 10:46:41,115.86,115.91
2025-04-17 10:46:43,115.89,115.96
2025-04-17 10:46:46,115.89,115.94
2025-04-17 10:46:47,115.86,115.94
2025-04-17 10:46:48,115.86,115.91
2025-04-17 10:46:49,115.81,115.91
2025-04-17 10:46:50,115.81,115.89
2025-04-17 10:46:56,115.81,115.91
2025-04-17 10:46:57,115.84,115.91
2025-04-17 10:47:03,115.84,115.94
2025-04-17 10:47:04,115.84,115.91
2025-04-17 10:47:05,115.87,115.94
2025-04-17 10:47:09,115.84,115.94
2025-04-17 10:47:10,115.84,115.91
2025-04-17 10:47:11,115.84,115.94
2025-04-17 10:47:13,115.84,115.91
2025-04-17 10:47:14,115.81,115.89
2025-04-17 10:47:15,115.84,115.91
2025-04-17 10:47:16,115.81,115.91
2025-04-17 10:47:17,115.84,115.91
2025-04-17 10:47:19,115.79,115.89
2025-04-17 10:47:20,115.82,115.89
2025-04-17 10:47:23,115.79,115.89
2025-04-17 10:47:24,115.81,115.91
2025-04-17 10:47:25,115.81,115.89
2025-04-17 10:47:26,115.81,115.84
2025-04-17 10:47:27,115.77,115.84
2025-04-17 10:47:28,115.74,115.81
2025-04-17 10:47:34,115.72,115.79
2025-04-17 10:47:35,115.74,115.82
2025-04-17 10:47:36,115.74,115.84
2025-04-17 10:47:37,115.79,115.89
2025-04-17 10:47:39,115.79,115.86
2025-04-17 10:47:40,115.82,115.89
2025-04-17 10:47:42,115.73,115.83
2025-04-17 10:47:43,115.75,115.83
2025-04-17 10:47:45,115.75,115.85
2025-04-17 10:47:46,115.75,115.82
2025-04-17 10:47:47,115.75,115.85
2025-04-17 10:47:48,115.75,115.82
2025-04-17 10:47:50,115.78,115.85
2025-04-17 10:47:50,115.75,115.85
2025-04-17 10:47:52,115.78,115.85
2025-04-17 10:47:52,115.75,115.85
2025-04-17 10:47:54,115.75,115.82
2025-04-17 10:47:57,115.75,115.83
2025-04-17 10:47:58,115.63,115.71
2025-04-17 10:47:59,115.63,115.73
2025-04-17 10:48:01,115.63,115.68
2025-04-17 10:48:02,115.56,115.66
2025-04-17 10:48:03,115.58,115.68
2025-04-17 10:48:07,115.58,115.65
2025-04-17 10:48:08,115.58,115.68
2025-04-17 10:48:11,115.58,115.65
2025-04-17 10:48:12,115.61,115.68
2025-04-17 10:48:13,115.61,115.71
2025-04-17 10:48:13,115.61,115.68
2025-04-17 10:48:16,115.61,115.63
2025-04-17 10:48:17,115.56,115.63
2025-04-17 10:48:19,115.53,115.63
2025-04-17 10:48:20,115.53,115.61
2025-04-17 10:48:21,115.53,115.63
2025-04-17 10:48:22,115.48,115.58
2025-04-17 10:48:25,115.51,115.58
2025-04-17 10:48:26,115.48,115.58
2025-04-17 10:48:27,115.46,115.53
2025-04-17 10:48:28,115.46,115.54
2025-04-17 10:48:29,115.41,115.51
2025-04-17 10:48:30,115.41,115.48
2025-04-17 10:48:31,115.41,115.49
2025-04-17 10:48:32,115.39,115.49
2025-04-17 10:48:34,115.41,115.49
2025-04-17 10:48:35,115.39,115.49
2025-04-17 10:48:38,115.39,115.46
2025-04-17 10:48:39,115.41,115.49
2025-04-17 10:48:40,115.39,115.49
2025-04-17 10:48:41,115.26,115.36
2025-04-17 10:48:42,115.29,115.36
2025-04-17 10:48:43,115.26,115.36
2025-04-17 10:48:44,115.29,115.36
2025-04-17 10:48:45,115.29,115.38
2025-04-17 10:48:46,115.31,115.38
2025-04-17 10:48:49,115.28,115.38
2025-04-17 10:48:50,115.31,115.38
2025-04-17 10:48:51,115.28,115.38
2025-04-17 10:48:54,115.31,115.38
2025-04-17 10:48:55,115.31,115.41
2025-04-17 10:48:56,115.31,115.38
2025-04-17 10:48:58,115.28,115.36
2025-04-17 10:48:59,115.26,115.33
2025-04-17 10:49:01,115.26,115.36
2025-04-17 10:49:02,115.31,115.38
2025-04-17 10:49:04,115.33,115.4
2025-04-17 10:49:09,115.33,115.41
2025-04-17 10:49:11,115.31,115.41
2025-04-17 10:49:13,115.33,115.41
2025-04-17 10:49:16,115.33,115.38
2025-04-17 10:49:17,115.29,115.36
2025-04-17 10:49:20,115.29,115.38
2025-04-17 10:49:20,115.31,115.41
2025-04-17 10:49:22,115.41,115.48
2025-04-17 10:49:23,115.43,115.5
2025-04-17 10:49:25,115.43,115.53
2025-04-17 10:49:26,115.45,115.55
2025-04-17 10:49:27,115.43,115.53
2025-04-17 10:49:29,115.48,115.55
2025-04-17 10:49:30,115.43,115.53
2025-04-17 10:49:31,115.4,115.48
2025-04-17 10:49:32,115.31,115.41
2025-04-17 10:49:34,115.31,115.38
2025-04-17 10:49:35,115.31,115.41
2025-04-17 10:49:36,115.33,115.41
2025-04-17 10:49:38,115.33,115.43
2025-04-17 10:49:39,115.33,115.4
2025-04-17 10:49:40,115.33,115.43
2025-04-17 10:49:41,115.4,115.47
2025-04-17 10:49:42,115.39,115.49
2025-04-17 10:49:43,115.39,115.47
2025-04-17 10:49:45,115.42,115.49
2025-04-17 10:49:46,115.42,115.52
2025-04-17 10:49:47,115.27,115.34
2025-04-17 10:49:48,115.2,115.3
2025-04-17 10:49:49,115.22,115.29
2025-04-17 10:49:50,115.22,115.32
2025-04-17 10:49:51,115.17,115.27
2025-04-17 10:49:53,115.2,115.27
2025-04-17 10:49:54,115.22,115.29
2025-04-17 10:49:55,115.25,115.32
2025-04-17 10:49:57,115.27,115.35
2025-04-17 10:49:58,115.25,115.35
2025-04-17 10:49:59,115.27,115.35
2025-04-17 10:50:00,115.3,115.37
2025-04-17 10:50:02,115.3,115.39
2025-04-17 10:50:03,115.32,115.42
2025-04-17 10:50:07,115.32,115.39
2025-04-17 10:50:08,115.35,115.42
2025-04-17 10:50:09,115.4,115.47
2025-04-17 10:50:09,115.37,115.44
2025-04-17 10:50:11,115.37,115.47
2025-04-17 10:50:12,115.39,115.49
2025-04-17 10:50:13,115.39,115.47
2025-04-17 10:50:14,115.34,115.42
2025-04-17 10:50:16,115.32,115.39
2025-04-17 10:50:17,115.29,115.39
2025-04-17 10:50:18,115.32,115.39
2025-04-17 10:50:19,115.3,115.37
2025-04-17 10:50:20,115.2,115.3
2025-04-17 10:50:21,115.15,115.22
2025-04-17 10:50:22,115.1,115.2
2025-04-17 10:50:23,115.13,115.2
2025-04-17 10:50:24,115.18,115.25
2025-04-17 10:50:26,115.17,115.27
2025-04-17 10:50:27,115.17,115.25
2025-04-17 10:50:28,115.17,115.27
2025-04-17 10:50:29,115.17,115.25
2025-04-17 10:50:30,115.17,115.27
2025-04-17 10:50:31,115.1,115.2
2025-04-17 10:50:33,115.05,115.12
2025-04-17 10:50:34,115.05,115.15
2025-04-17 10:50:35,115.08,115.15
2025-04-17 10:50:36,115.05,115.15
2025-04-17 10:50:37,115.05,115.12
2025-04-17 10:50:38,115.05,115.15
2025-04-17 10:50:39,115.05,115.12
2025-04-17 10:50:40,115.08,115.15
2025-04-17 10:50:41,115.13,115.2
2025-04-17 10:50:43,115.1,115.2
2025-04-17 10:50:44,115.1,115.17
2025-04-17 10:50:45,115.08,115.15
2025-04-17 10:50:46,115.1,115.17
2025-04-17 10:50:50,115.1,115.2
2025-04-17 10:50:51,115.13,115.2
2025-04-17 10:50:52,115.15,115.22
2025-04-17 10:50:53,115.13,115.2
2025-04-17 10:50:54,115.1,115.17
2025-04-17 10:50:55,115.1,115.18
2025-04-17 10:50:56,115.06,115.13
2025-04-17 10:50:59,115.06,115.15
2025-04-17 10:51:00,115.06,115.13
2025-04-17 10:51:01,115.08,115.15
2025-04-17 10:51:02,115.13,115.2
2025-04-17 10:51:03,115.13,115.22
2025-04-17 10:51:04,115.13,115.23
2025-04-17 10:51:06,115.15,115.22
2025-04-17 10:51:07,115.2,115.3
2025-04-17 10:51:09,115.2,115.27
2025-04-17 10:51:10,115.15,115.22
2025-04-17 10:51:11,115.15,115.23
2025-04-17 10:51:12,115.13,115.2
2025-04-17 10:51:14,115.15,115.23
2025-04-17 10:51:15,115.15,115.25
2025-04-17 10:51:18,115.15,115.22
2025-04-17 10:51:19,115.18,115.25
2025-04-17 10:51:19,115.15,115.22
2025-04-17 10:51:21,115.15,115.25
2025-04-17 10:51:22,115.15,115.22
2025-04-17 10:51:22,115.18,115.25
2025-04-17 10:51:24,115.15,115.25
2025-04-17 10:51:25,115.18,115.25
2025-04-17 10:51:26,115.18,115.27
2025-04-17 10:51:27,115.17,115.25
2025-04-17 10:51:30,115.17,115.27
2025-04-17 10:51:31,115.2,115.27
2025-04-17 10:51:32,115.23,115.3
2025-04-17 10:51:35,115.23,115.32
2025-04-17 10:51:36,115.27,115.37
2025-04-17 10:51:38,115.25,115.35
2025-04-17 10:51:39,115.27,115.37
2025-04-17 10:51:40,115.3,115.37
2025-04-17 10:51:41,115.33,115.43
2025-04-17 10:51:42,115.33,115.4
2025-04-17 10:51:43,115.36,115.43
2025-04-17 10:51:46,115.36,115.45
2025-04-17 10:51:47,115.38,115.46
2025-04-17 10:51:48,115.33,115.4
2025-04-17 10:51:49,115.36,115.43
2025-04-17 10:51:51,115.36,115.4
2025-04-17 10:51:51,115.33,115.43
2025-04-17 10:51:53,115.36,115.43
2025-04-17 10:51:54,115.36,115.46
2025-04-17 10:51:55,115.38,115.45
2025-04-17 10:51:56,115.41,115.48
2025-04-17 10:51:58,115.41,115.45
2025-04-17 10:51:59,115.41,115.48
2025-04-17 10:52:01,115.38,115.45
2025-04-17 10:52:06,115.38,115.48
2025-04-17 10:52:07,115.38,115.45
2025-04-17 10:52:08,115.38,115.48
2025-04-17 10:52:09,115.41,115.48
2025-04-17 10:52:10,115.43,115.5
2025-04-17 10:52:14,115.4,115.5
2025-04-17 10:52:15,115.38,115.48
2025-04-17 10:52:17,115.41,115.48
2025-04-17 10:52:20,115.41,115.45
2025-04-17 10:52:21,115.33,115.4
2025-04-17 10:52:22,115.36,115.43
2025-04-17 10:52:22,115.36,115.46
2025-04-17 10:52:25,115.28,115.38
2025-04-17 10:52:26,115.33,115.43
2025-04-17 10:52:27,115.36,115.43
2025-04-17 10:52:30,115.33,115.43
2025-04-17 10:52:30,115.33,115.4
2025-04-17 10:52:32,115.33,115.41
2025-04-17 10:52:36,115.33,115.38
2025-04-17 10:52:37,115.31,115.38
2025-04-17 10:52:38,115.28,115.38
2025-04-17 10:52:40,115.33,115.4
2025-04-17 10:52:41,115.36,115.43
2025-04-17 10:52:42,115.33,115.4
2025-04-17 10:52:43,115.32,115.42
2025-04-17 10:52:45,115.33,115.4
2025-04-17 10:52:46,115.33,115.42
2025-04-17 10:52:48,115.35,115.45
2025-04-17 10:52:49,115.38,115.45
2025-04-17 10:52:50,115.35,115.45
2025-04-17 10:52:51,115.38,115.45
2025-04-17 10:52:53,115.38,115.47
2025-04-17 10:52:54,115.38,115.45
2025-04-17 10:52:55,115.42,115.49
2025-04-17 10:52:56,115.45,115.52
2025-04-17 10:52:57,115.45,115.49
2025-04-17 10:52:58,115.4,115.47
2025-04-17 10:53:01,115.37,115.47
2025-04-17 10:53:02,115.37,115.45
2025-04-17 10:53:03,115.32,115.42
2025-04-17 10:53:04,115.35,115.42
2025-04-17 10:53:07,115.35,115.45
2025-04-17 10:53:08,115.37,115.47
2025-04-17 10:53:09,115.35,115.45
2025-04-17 10:53:10,115.38,115.45
2025-04-17 10:53:11,115.35,115.45
2025-04-17 10:53:12,115.35,115.42
2025-04-17 10:53:13,115.35,115.45
2025-04-17 10:53:15,115.35,115.42
2025-04-17 10:53:16,115.35,115.45
2025-04-17 10:53:18,115.35,115.42
2025-04-17 10:53:19,115.38,115.45
2025-04-17 10:53:20,115.28,115.35
2025-04-17 10:53:22,115.3,115.37
2025-04-17 10:53:23,115.28,115.35
2025-04-17 10:53:25,115.28,115.32
2025-04-17 10:53:26,115.28,115.35
2025-04-17 10:53:27,115.28,115.38
2025-04-17 10:53:30,115.3,115.38
2025-04-17 10:53:31,115.3,115.37
2025-04-17 10:53:31,115.3,115.4
2025-04-17 10:53:32,115.33,115.4
2025-04-17 10:53:34,115.38,115.45
2025-04-17 10:53:35,115.4,115.47
2025-04-17 10:53:36,115.37,115.47
2025-04-17 10:53:38,115.37,115.45
2025-04-17 10:53:39,115.38,115.45
2025-04-17 10:53:41,115.38,115.46
2025-04-17 10:53:44,115.38,115.48
2025-04-17 10:53:45,115.41,115.48
2025-04-17 10:53:47,115.41,115.51
2025-04-17 10:53:48,115.44,115.51
2025-04-17 10:53:50,115.43,115.51
2025-04-17 10:53:51,115.41,115.48
2025-04-17 10:53:52,115.44,115.51
2025-04-17 10:53:53,115.43,115.51
2025-04-17 10:53:54,115.41,115.48
2025-04-17 10:53:55,115.34,115.44
2025-04-17 10:53:56,115.29,115.36
2025-04-17 10:53:58,115.31,115.38
2025-04-17 10:53:58,115.34,115.41
2025-04-17 10:53:59,115.34,115.44
2025-04-17 10:54:01,115.34,115.41
2025-04-17 10:54:04,115.31,115.41
2025-04-17 10:54:06,115.26,115.36
2025-04-17 10:54:07,115.31,115.39
2025-04-17 10:54:08,115.31,115.41
2025-04-17 10:54:09,115.34,115.44
2025-04-17 10:54:09,115.36,115.43
2025-04-17 10:54:11,115.34,115.41
2025-04-17 10:54:12,115.31,115.38
2025-04-17 10:54:13,115.31,115.36
2025-04-17 10:54:14,115.31,115.38
2025-04-17 10:54:15,115.38,115.48
2025-04-17 10:54:18,115.26,115.36
2025-04-17 10:54:19,115.24,115.31
2025-04-17 10:54:21,115.21,115.31
2025-04-17 10:54:22,115.24,115.31
2025-04-17 10:54:24,115.26,115.33
2025-04-17 10:54:25,115.26,115.31
2025-04-17 10:54:26,115.19,115.29
2025-04-17 10:54:28,115.22,115.29
2025-04-17 10:54:29,115.26,115.33
2025-04-17 10:54:30,115.26,115.36
2025-04-17 10:54:31,115.31,115.38
2025-04-17 10:54:31,115.34,115.41
2025-04-17 10:54:32,115.26,115.33
2025-04-17 10:54:34,115.26,115.34
2025-04-17 10:54:35,115.26,115.33
2025-04-17 10:54:36,115.26,115.34
2025-04-17 10:54:37,115.24,115.34
2025-04-17 10:54:38,115.22,115.29
2025-04-17 10:54:39,115.16,115.26
2025-04-17 10:54:41,115.21,115.28
2025-04-17 10:54:45,115.18,115.28
2025-04-17 10:54:46,115.18,115.26
2025-04-17 10:54:49,115.18,115.28
2025-04-17 10:54:50,115.21,115.28
2025-04-17 10:54:51,115.18,115.26
2025-04-17 10:54:53,115.24,115.31
2025-04-17 10:54:57,115.21,115.31
2025-04-17 10:54:58,115.21,115.28
2025-04-17 10:54:59,115.21,115.31
2025-04-17 10:55:00,115.21,115.26
2025-04-17 10:55:01,115.18,115.28
2025-04-17 10:55:03,115.18,115.26
2025-04-17 10:55:04,115.21,115.28
2025-04-17 10:55:06,115.18,115.26
2025-04-17 10:55:08,115.18,115.23
2025-04-17 10:55:09,115.19,115.26
2025-04-17 10:55:16,115.19,115.28
2025-04-17 10:55:17,115.21,115.28
2025-04-17 10:55:19,115.14,115.21
2025-04-17 10:55:21,115.11,115.21
2025-04-17 10:55:22,115.14,115.21
2025-04-17 10:55:23,115.14,115.24
2025-04-17 10:55:24,115.16,115.24
2025-04-17 10:55:27,115.16,115.26
2025-04-17 10:55:28,115.19,115.26
2025-04-17 10:55:31,115.11,115.18
2025-04-17 10:55:33,115.11,115.19
2025-04-17 10:55:35,115.11,115.21
2025-04-17 10:55:36,115.11,115.18
2025-04-17 10:55:37,115.09,115.19
2025-04-17 10:55:39,115.09,115.16
2025-04-17 10:55:41,115.09,115.12
2025-04-17 10:55:42,115.05,115.12
2025-04-17 10:55:43,115.02,115.1
2025-04-17 10:55:51,115.02,115.12
2025-04-17 10:55:52,115.05,115.15
2025-04-17 10:55:53,115.05,115.12
2025-04-17 10:55:54,115.05,115.15
2025-04-17 10:55:55,115.07,115.15
2025-04-17 10:55:56,115.03,115.1
2025-04-17 10:55:57,115.03,115.12
2025-04-17 10:55:58,115.03,115.1
2025-04-17 10:56:01,115.03,115.07
2025-04-17 10:56:02,115.0,115.1
2025-04-17 10:56:03,115.02,115.12
2025-04-17 10:56:04,115.02,115.1
2025-04-17 10:56:05,115.02,115.12
2025-04-17 10:56:06,115.05,115.15
2025-04-17 10:56:07,115.07,115.15
2025-04-17 10:56:08,115.07,115.17
2025-04-17 10:56:09,115.1,115.17
2025-04-17 10:56:13,115.1,115.19
2025-04-17 10:56:14,114.98,115.05
2025-04-17 10:56:16,114.97,115.07
2025-04-17 10:56:17,115.0,115.07
2025-04-17 10:56:18,114.95,115.02
2025-04-17 10:56:19,114.95,115.03
2025-04-17 10:56:20,114.93,115.03
2025-04-17 10:56:21,114.95,115.05
2025-04-17 10:56:23,114.95,115.02
2025-04-17 10:56:25,114.95,115.0
2025-04-17 10:56:26,114.95,115.05
2025-04-17 10:56:26,115.0,115.07
2025-04-17 10:56:29,114.97,115.07
2025-04-17 10:56:32,115.0,115.07
2025-04-17 10:56:35,115.0,115.1
2025-04-17 10:56:36,115.03,115.1
2025-04-17 10:56:44,115.03,115.18
2025-04-17 10:56:44,115.13,115.2
2025-04-17 10:56:45,115.1,115.2
2025-04-17 10:56:46,115.1,115.18
2025-04-17 10:56:49,115.1,115.15
2025-04-17 10:56:50,115.08,115.15
2025-04-17 10:56:51,115.11,115.18
2025-04-17 10:56:53,115.13,115.23
2025-04-17 10:56:53,115.16,115.23
2025-04-17 10:56:56,115.11,115.18
2025-04-17 10:57:01,115.11,115.15
2025-04-17 10:57:02,115.11,115.18
2025-04-17 10:57:03,115.13,115.23
2025-04-17 10:57:05,115.16,115.23
2025-04-17 10:57:06,115.15,115.25
2025-04-17 10:57:07,115.15,115.23
2025-04-17 10:57:09,115.15,115.25
2025-04-17 10:57:10,115.18,115.28
2025-04-17 10:57:11,115.2,115.3
2025-04-17 10:57:13,115.23,115.3
2025-04-17 10:57:14,115.2,115.27
2025-04-17 10:57:15,115.2,115.3
2025-04-17 10:57:16,115.2,115.27
2025-04-17 10:57:18,115.23,115.3
2025-04-17 10:57:20,115.2,115.3
2025-04-17 10:57:21,115.23,115.3
2025-04-17 10:57:23,115.2,115.3
2025-04-17 10:57:25,115.2,115.27
2025-04-17 10:57:26,115.2,115.3
2025-04-17 10:57:27,115.23,115.3
2025-04-17 10:57:30,115.23,115.27
2025-04-17 10:57:31,115.2,115.3
2025-04-17 10:57:34,115.23,115.3
2025-04-17 10:57:34,115.23,115.32
2025-04-17 10:57:35,115.23,115.33
2025-04-17 10:57:36,115.23,115.3
2025-04-17 10:57:38,115.2,115.3
2025-04-17 10:57:39,115.23,115.3
2025-04-17 10:57:41,115.23,115.32
2025-04-17 10:57:42,115.25,115.32
2025-04-17 10:57:46,115.25,115.3
2025-04-17 10:57:47,115.23,115.3
2025-04-17 10:57:49,115.2,115.3
2025-04-17 10:57:51,115.2,115.28
2025-04-17 10:57:52,115.2,115.3
2025-04-17 10:57:55,115.23,115.3
2025-04-17 10:57:58,115.23,115.33
2025-04-17 10:57:59,115.25,115.35
2025-04-17 10:58:02,115.28,115.35
2025-04-17 10:58:04,115.25,115.32
2025-04-17 10:58:08,115.25,115.33
2025-04-17 10:58:09,115.23,115.33
2025-04-17 10:58:13,115.25,115.33
2025-04-17 10:58:13,115.25,115.35
2025-04-17 10:58:15,115.25,115.32
2025-04-17 10:58:16,115.23,115.3
2025-04-17 10:58:17,115.23,115.33
2025-04-17 10:58:19,115.23,115.3
2025-04-17 10:58:20,115.21,115.28
2025-04-17 10:58:21,115.21,115.3
2025-04-17 10:58:22,115.2,115.3
2025-04-17 10:58:25,115.2,115.28
2025-04-17 10:58:26,115.2,115.3
2025-04-17 10:58:30,115.23,115.3
2025-04-17 10:58:33,115.23,115.33
2025-04-17 10:58:33,115.23,115.3
2025-04-17 10:58:34,115.25,115.32
2025-04-17 10:58:35,115.2,115.28
2025-04-17 10:58:37,115.23,115.3
2025-04-17 10:58:39,115.23,115.33
2025-04-17 10:58:40,115.23,115.3
2025-04-17 10:58:41,115.23,115.33
2025-04-17 10:58:42,115.26,115.33
2025-04-17 10:58:43,115.25,115.35
2025-04-17 10:58:45,115.28,115.35
2025-04-17 10:58:46,115.28,115.38
2025-04-17 10:58:48,115.28,115.35
2025-04-17 10:58:54,115.28,115.33
2025-04-17 10:58:55,115.23,115.3
2025-04-17 10:58:56,115.18,115.25
2025-04-17 10:58:57,115.16,115.26
2025-04-17 10:58:58,115.18,115.26
2025-04-17 10:59:00,115.18,115.28
2025-04-17 10:59:01,115.18,115.25
2025-04-17 10:59:03,115.16,115.26
2025-04-17 10:59:05,115.18,115.25
2025-04-17 10:59:07,115.18,115.28
2025-04-17 10:59:09,115.18,115.25
2025-04-17 10:59:09,115.14,115.21
2025-04-17 10:59:10,115.09,115.16
2025-04-17 10:59:11,115.06,115.16
2025-04-17 10:59:14,115.09,115.16
2025-04-17 10:59:15,115.08,115.16
2025-04-17 10:59:18,115.08,115.18
2025-04-17 10:59:20,115.11,115.18
2025-04-17 10:59:21,115.09,115.16
2025-04-17 10:59:22,115.06,115.16
2025-04-17 10:59:23,115.09,115.16
2025-04-17 10:59:24,115.08,115.18
2025-04-17 10:59:25,115.08,115.16
2025-04-17 10:59:26,115.04,115.11
2025-04-17 10:59:27,115.06,115.16
2025-04-17 10:59:29,115.06,115.13
2025-04-17 10:59:29,115.06,115.16
2025-04-17 10:59:30,115.04,115.11
2025-04-17 10:59:31,115.06,115.13
2025-04-17 10:59:33,115.06,115.16
2025-04-17 10:59:35,115.08,115.18
2025-04-17 10:59:37,115.11,115.18
2025-04-17 10:59:39,115.11,115.16
2025-04-17 10:59:40,115.09,115.16
2025-04-17 10:59:41,115.08,115.16
2025-04-17 10:59:42,115.11,115.18
2025-04-17 10:59:43,115.06,115.13
2025-04-17 10:59:44,115.06,115.16
2025-04-17 10:59:45,115.06,115.13
2025-04-17 10:59:48,115.06,115.1
2025-04-17 10:59:49,115.06,115.13
2025-04-17 10:59:51,115.06,115.15
2025-04-17 10:59:53,115.03,115.13
2025-04-17 10:59:54,115.06,115.16
2025-04-17 10:59:55,115.08,115.16
2025-04-17 10:59:56,115.08,115.18
2025-04-17 10:59:57,115.08,115.15
2025-04-17 10:59:59,115.08,115.18
2025-04-17 11:00:01,115.11,115.18
2025-04-17 11:00:02,115.06,115.16
2025-04-17 11:00:03,115.03,115.1
2025-04-17 11:00:04,114.89,114.99
2025-04-17 11:00:05,114.74,114.81
2025-04-17 11:00:06,114.79,114.86
2025-04-17 11:00:08,114.77,114.84
2025-04-17 11:00:09,114.84,114.91
2025-04-17 11:00:09,114.79,114.86
2025-04-17 11:00:10,114.82,114.89
2025-04-17 11:00:11,114.86,114.93
2025-04-17 11:00:15,114.91,114.98
2025-04-17 11:00:17,114.96,115.03
2025-04-17 11:00:18,114.96,115.06
2025-04-17 11:00:19,115.01,115.08
2025-04-17 11:00:19,115.01,115.11
2025-04-17 11:00:20,115.03,115.11
2025-04-17 11:00:22,115.01,115.11
2025-04-17 11:00:25,115.01,115.08
2025-04-17 11:00:26,115.01,115.11
2025-04-17 11:00:27,115.01,115.08
2025-04-17 11:00:28,115.03,115.1
2025-04-17 11:00:30,115.03,115.13
2025-04-17 11:00:34,115.06,115.13
2025-04-17 11:00:35,115.06,115.15
2025-04-17 11:00:36,115.08,115.16
2025-04-17 11:00:38,115.08,115.18
2025-04-17 11:00:39,115.11,115.18
2025-04-17 11:00:41,115.1,115.18
2025-04-17 11:00:42,115.15,115.23
2025-04-17 11:00:43,115.15,115.25
2025-04-17 11:00:46,115.15,115.23
